@ARTICLE{Soltis_2021,
       author = {{Soltis}, John and {Casertano}, Stefano and {Riess}, Adam G.},
        title = "{The Parallax of {\ensuremath{\omega}} Centauri Measured from Gaia EDR3 and a Direct, Geometric Calibration of the Tip of the Red Giant Branch and the Hubble Constant}",
      journal = {\apjl},
     keywords = {Red giant tip, Hubble constant, Distance measure, Globular star clusters, Distance indicators, 1371, 758, 395, 656, 394, Astrophysics - Astrophysics of Galaxies, Astrophysics - Cosmology and Nongalactic Astrophysics},
         year = 2021,
        month = feb,
       volume = {908},
       number = {1},
          eid = {L5},
        pages = {L5},
          doi = {10.3847/2041-8213/abdbad},
archivePrefix = {arXiv},
       eprint = {2012.09196},
 primaryClass = {astro-ph.GA},
       adsurl = {https://ui.adsabs.harvard.edu/abs/2021ApJ...908L...5S},
      adsnote = {Provided by the SAO/NASA Astrophysics Data System}
}

@ARTICLE{Dahl_2017,
       author = {{Dahl}, Ryan and {Norouzi}, Mohammad and {Shlens}, Jonathon},
        title = "{Pixel Recursive Super Resolution}",
      journal = {arXiv e-prints},
     keywords = {Computer Science - Computer Vision and Pattern Recognition, Computer Science - Machine Learning},
         year = 2017,
        month = feb,
          eid = {arXiv:1702.00783},
        pages = {arXiv:1702.00783},
archivePrefix = {arXiv},
       eprint = {1702.00783},
 primaryClass = {cs.CV},
       adsurl = {https://ui.adsabs.harvard.edu/abs/2017arXiv170200783D},
      adsnote = {Provided by the SAO/NASA Astrophysics Data System}
}

@ARTICLE{Dey_2019,
       author = {{Dey}, Arjun and {Schlegel}, David J. and {Lang}, Dustin and {Blum}, Robert and {Burleigh}, Kaylan and {Fan}, Xiaohui and {Findlay}, Joseph R. and {Finkbeiner}, Doug and {Herrera}, David and {Juneau}, St{\'e}phanie and {Landriau}, Martin and {Levi}, Michael and {McGreer}, Ian and {Meisner}, Aaron and {Myers}, Adam D. and {Moustakas}, John and {Nugent}, Peter and {Patej}, Anna and {Schlafly}, Edward F. and {Walker}, Alistair R. and {Valdes}, Francisco and {Weaver}, Benjamin A. and {Y{\`e}che}, Christophe and {Zou}, Hu and {Zhou}, Xu and {Abareshi}, Behzad and {Abbott}, T.~M.~C. and {Abolfathi}, Bela and {Aguilera}, C. and {Alam}, Shadab and {Allen}, Lori and {Alvarez}, A. and {Annis}, James and {Ansarinejad}, Behzad and {Aubert}, Marie and {Beechert}, Jacqueline and {Bell}, Eric F. and {BenZvi}, Segev Y. and {Beutler}, Florian and {Bielby}, Richard M. and {Bolton}, Adam S. and {Brice{\~n}o}, C{\'e}sar and {Buckley-Geer}, Elizabeth J. and {Butler}, Karen and {Calamida}, Annalisa and {Carlberg}, Raymond G. and {Carter}, Paul and {Casas}, Ricard and {Castander}, Francisco J. and {Choi}, Yumi and {Comparat}, Johan and {Cukanovaite}, Elena and {Delubac}, Timoth{\'e}e and {DeVries}, Kaitlin and {Dey}, Sharmila and {Dhungana}, Govinda and {Dickinson}, Mark and {Ding}, Zhejie and {Donaldson}, John B. and {Duan}, Yutong and {Duckworth}, Christopher J. and {Eftekharzadeh}, Sarah and {Eisenstein}, Daniel J. and {Etourneau}, Thomas and {Fagrelius}, Parker A. and {Farihi}, Jay and {Fitzpatrick}, Mike and {Font-Ribera}, Andreu and {Fulmer}, Leah and {G{\"a}nsicke}, Boris T. and {Gaztanaga}, Enrique and {George}, Koshy and {Gerdes}, David W. and {Gontcho}, Satya Gontcho A. and {Gorgoni}, Claudio and {Green}, Gregory and {Guy}, Julien and {Harmer}, Diane and {Hernandez}, M. and {Honscheid}, Klaus and {Huang}, Lijuan Wendy and {James}, David J. and {Jannuzi}, Buell T. and {Jiang}, Linhua and {Joyce}, Richard and {Karcher}, Armin and {Karkar}, Sonia and {Kehoe}, Robert and {Kneib}, Jean-Paul and {Kueter-Young}, Andrea and {Lan}, Ting-Wen and {Lauer}, Tod R. and {Le Guillou}, Laurent and {Le Van Suu}, Auguste and {Lee}, Jae Hyeon and {Lesser}, Michael and {Perreault Levasseur}, Laurence and {Li}, Ting S. and {Mann}, Justin L. and {Marshall}, Robert and {Mart{\'\i}nez-V{\'a}zquez}, C.~E. and {Martini}, Paul and {du Mas des Bourboux}, H{\'e}lion and {McManus}, Sean and {Meier}, Tobias Gabriel and {M{\'e}nard}, Brice and {Metcalfe}, Nigel and {Mu{\~n}oz-Guti{\'e}rrez}, Andrea and {Najita}, Joan and {Napier}, Kevin and {Narayan}, Gautham and {Newman}, Jeffrey A. and {Nie}, Jundan and {Nord}, Brian and {Norman}, Dara J. and {Olsen}, Knut A.~G. and {Paat}, Anthony and {Palanque-Delabrouille}, Nathalie and {Peng}, Xiyan and {Poppett}, Claire L. and {Poremba}, Megan R. and {Prakash}, Abhishek and {Rabinowitz}, David and {Raichoor}, Anand and {Rezaie}, Mehdi and {Robertson}, A.~N. and {Roe}, Natalie A. and {Ross}, Ashley J. and {Ross}, Nicholas P. and {Rudnick}, Gregory and {Safonova}, Sasha and {Saha}, Abhijit and {S{\'a}nchez}, F. Javier and {Savary}, Elodie and {Schweiker}, Heidi and {Scott}, Adam and {Seo}, Hee-Jong and {Shan}, Huanyuan and {Silva}, David R. and {Slepian}, Zachary and {Soto}, Christian and {Sprayberry}, David and {Staten}, Ryan and {Stillman}, Coley M. and {Stupak}, Robert J. and {Summers}, David L. and {Sien Tie}, Suk and {Tirado}, H. and {Vargas-Maga{\~n}a}, Mariana and {Vivas}, A. Katherina and {Wechsler}, Risa H. and {Williams}, Doug and {Yang}, Jinyi and {Yang}, Qian and {Yapici}, Tolga and {Zaritsky}, Dennis and {Zenteno}, A. and {Zhang}, Kai and {Zhang}, Tianmeng and {Zhou}, Rongpu and {Zhou}, Zhimin},
        title = "{Overview of the DESI Legacy Imaging Surveys}",
      journal = {\aj},
     keywords = {catalogs, surveys, Astrophysics - Instrumentation and Methods for Astrophysics},
         year = 2019,
        month = may,
       volume = {157},
       number = {5},
          eid = {168},
        pages = {168},
          doi = {10.3847/1538-3881/ab089d},
archivePrefix = {arXiv},
       eprint = {1804.08657},
 primaryClass = {astro-ph.IM},
       adsurl = {https://ui.adsabs.harvard.edu/abs/2019AJ....157..168D},
      adsnote = {Provided by the SAO/NASA Astrophysics Data System}
}
@online{eROSITAwebsite,
    author = "www.mpe.mpg.de/eROSITA",
    title = "[simulator: SIXTE (Schmid et al. 2016 http://www.sternwarte.uni-erlangen.de/research/sixte)]"
}
@article{Chandrawebsite,
    author = "chandra.harvard.edu/about/",
    title = " [simulator: MARX (Davis et al. 2012 http://adsabs.harvard.edu/abs/2012SPIE.8443E..1AD)]"
}
@ARTICLE{UNET,
       author = {{Ronneberger}, Olaf and {Fischer}, Philipp and {Brox}, Thomas},
        title = "{U-Net: Convolutional Networks for Biomedical Image Segmentation}",
      journal = {arXiv e-prints},
     keywords = {Computer Science - Computer Vision and Pattern Recognition},
         year = 2015,
        month = may,
          eid = {arXiv:1505.04597},
        pages = {arXiv:1505.04597},
archivePrefix = {arXiv},
       eprint = {1505.04597},
 primaryClass = {cs.CV},
       adsurl = {https://ui.adsabs.harvard.edu/abs/2015arXiv150504597R},
      adsnote = {Provided by the SAO/NASA Astrophysics Data System}
}
@ARTICLE{Pillepich_2018,
       author = {{Pillepich}, Annalisa and {Reiprich}, Thomas H. and {Porciani}, Cristiano and {Borm}, Katharina and {Merloni}, Andrea},
        title = "{Forecasts on dark energy from the X-ray cluster survey with eROSITA: constraints from counts and clustering}",
      journal = {\mnras},
     keywords = {galaxies: clusters: general, cosmological parameters, early Universe, large-scale structure of Universe, X-rays: galaxies: clusters, Astrophysics - Cosmology and Nongalactic Astrophysics},
         year = 2018,
        month = nov,
       volume = {481},
       number = {1},
        pages = {613-626},
          doi = {10.1093/mnras/sty2240},
archivePrefix = {arXiv},
       eprint = {1807.06021},
 primaryClass = {astro-ph.CO},
       adsurl = {https://ui.adsabs.harvard.edu/abs/2018MNRAS.481..613P},
      adsnote = {Provided by the SAO/NASA Astrophysics Data System}
}
@ARTICLE{magneticum,
       author = {{Dolag}, K. and {Komatsu}, E. and {Sunyaev}, R.},
        title = "{SZ effects in the Magneticum Pathfinder simulation: comparison with the Planck, SPT, and ACT results}",
      journal = {\mnras},
     keywords = {hydrodynamics, methods: numerical, galaxies: clusters: general, cosmic background radiation, cosmology: theory, Astrophysics - Cosmology and Nongalactic Astrophysics, Astrophysics - High Energy Astrophysical Phenomena},
         year = 2016,
        month = dec,
       volume = {463},
       number = {2},
        pages = {1797-1811},
          doi = {10.1093/mnras/stw2035},
archivePrefix = {arXiv},
       eprint = {1509.05134},
 primaryClass = {astro-ph.CO},
       adsurl = {https://ui.adsabs.harvard.edu/abs/2016MNRAS.463.1797D},
      adsnote = {Provided by the SAO/NASA Astrophysics Data System}
}
@ARTICLE{PHOX1,
       author = {{Biffi}, V. and {Dolag}, K. and {B{\"o}hringer}, H. and {Lemson}, G.},
        title = "{Observing simulated galaxy clusters with PHOX: a novel X-ray photon simulator}",
      journal = {\mnras},
     keywords = {hydrodynamics, methods: numerical, galaxies: clusters: general, Astrophysics - Cosmology and Nongalactic Astrophysics, Astrophysics - High Energy Astrophysical Phenomena},
         year = 2012,
        month = mar,
       volume = {420},
       number = {4},
        pages = {3545-3556},
          doi = {10.1111/j.1365-2966.2011.20278.x},
archivePrefix = {arXiv},
       eprint = {1112.0314},
 primaryClass = {astro-ph.CO},
       adsurl = {https://ui.adsabs.harvard.edu/abs/2012MNRAS.420.3545B},
      adsnote = {Provided by the SAO/NASA Astrophysics Data System}
}
@ARTICLE{PHOX2,
       author = {{Biffi}, V. and {Dolag}, K. and {B{\"o}hringer}, H.},
        title = "{Investigating the velocity structure and X-ray observable properties of simulated galaxy clusters with PHOX}",
      journal = {\mnras},
     keywords = {hydrodynamics, methods: numerical, X-rays: galaxies: clusters, Astrophysics - Cosmology and Nongalactic Astrophysics},
         year = 2013,
        month = jan,
       volume = {428},
       number = {2},
        pages = {1395-1409},
          doi = {10.1093/mnras/sts120},
archivePrefix = {arXiv},
       eprint = {1210.4158},
 primaryClass = {astro-ph.CO},
       adsurl = {https://ui.adsabs.harvard.edu/abs/2013MNRAS.428.1395B},
      adsnote = {Provided by the SAO/NASA Astrophysics Data System}
}

@ARTICLE{cosmo_web_portal,
       author = {{Ragagnin}, A. and {Dolag}, K. and {Biffi}, V. and {Cadolle Bel}, M. and {Hammer}, N.~J. and {Krukau}, A. and {Petkova}, M. and {Steinborn}, D.},
        title = "{A web portal for hydrodynamical, cosmological simulations}",
      journal = {Astronomy and Computing},
     keywords = {Cosmology, Galaxy clusters, Online tools, Web application, Cloud computing, Astrophysics - Instrumentation and Methods for Astrophysics, Astrophysics - Cosmology and Nongalactic Astrophysics},
         year = 2017,
        month = jul,
       volume = {20},
        pages = {52-67},
          doi = {10.1016/j.ascom.2017.05.001},
archivePrefix = {arXiv},
       eprint = {1612.06380},
 primaryClass = {astro-ph.IM},
       adsurl = {https://ui.adsabs.harvard.edu/abs/2017A&C....20...52R},
      adsnote = {Provided by the SAO/NASA Astrophysics Data System}
}
@ARTICLE{ploss,
       author = {{Johnson}, Justin and {Alahi}, Alexandre and {Fei-Fei}, Li},
        title = "{Perceptual Losses for Real-Time Style Transfer and Super-Resolution}",
      journal = {arXiv e-prints},
     keywords = {Computer Science - Computer Vision and Pattern Recognition, Computer Science - Machine Learning},
         year = 2016,
        month = mar,
          eid = {arXiv:1603.08155},
        pages = {arXiv:1603.08155},
archivePrefix = {arXiv},
       eprint = {1603.08155},
 primaryClass = {cs.CV},
       adsurl = {https://ui.adsabs.harvard.edu/abs/2016arXiv160308155J},
      adsnote = {Provided by the SAO/NASA Astrophysics Data System}
}


@ARTICLE{VGG19,
       author = {{Simonyan}, Karen and {Zisserman}, Andrew},
        title = "{Very Deep Convolutional Networks for Large-Scale Image Recognition}",
      journal = {arXiv e-prints},
     keywords = {Computer Science - Computer Vision and Pattern Recognition},
         year = 2014,
        month = sep,
          eid = {arXiv:1409.1556},
        pages = {arXiv:1409.1556},
archivePrefix = {arXiv},
       eprint = {1409.1556},
 primaryClass = {cs.CV},
       adsurl = {https://ui.adsabs.harvard.edu/abs/2014arXiv1409.1556S},
      adsnote = {Provided by the SAO/NASA Astrophysics Data System}
}
@ARTICLE{Diemer_2014,
       author = {{Diemer}, Benedikt and {Kravtsov}, Andrey V.},
        title = "{Dependence of the Outer Density Profiles of Halos on Their Mass Accretion Rate}",
      journal = {\apj},
     keywords = {cosmology: theory, dark matter, methods: numerical, Astrophysics - Cosmology and Nongalactic Astrophysics},
         year = 2014,
        month = jul,
       volume = {789},
       number = {1},
          eid = {1},
        pages = {1},
          doi = {10.1088/0004-637X/789/1/1},
archivePrefix = {arXiv},
       eprint = {1401.1216},
 primaryClass = {astro-ph.CO},
       adsurl = {https://ui.adsabs.harvard.edu/abs/2014ApJ...789....1D},
      adsnote = {Provided by the SAO/NASA Astrophysics Data System}
}
@ARTICLE{Illustris_TNG_1of5,
       author = {{Springel}, Volker and {Pakmor}, R{\"u}diger and {Pillepich}, Annalisa and {Weinberger}, Rainer and {Nelson}, Dylan and {Hernquist}, Lars and {Vogelsberger}, Mark and {Genel}, Shy and {Torrey}, Paul and {Marinacci}, Federico and {Naiman}, Jill},
        title = "{First results from the IllustrisTNG simulations: matter and galaxy clustering}",
      journal = {\mnras},
     keywords = {methods: numerical, galaxy formation, large-scale structure of Universe, Astrophysics - Astrophysics of Galaxies, Astrophysics - Cosmology and Nongalactic Astrophysics},
         year = 2018,
        month = mar,
       volume = {475},
       number = {1},
        pages = {676-698},
          doi = {10.1093/mnras/stx3304},
archivePrefix = {arXiv},
       eprint = {1707.03397},
 primaryClass = {astro-ph.GA},
       adsurl = {https://ui.adsabs.harvard.edu/abs/2018MNRAS.475..676S},
      adsnote = {Provided by the SAO/NASA Astrophysics Data System}
}
@ARTICLE{Pratt_2019,
       author = {{Pratt}, G.~W. and {Arnaud}, M. and {Biviano}, A. and {Eckert}, D. and {Ettori}, S. and {Nagai}, D. and {Okabe}, N. and {Reiprich}, T.~H.},
        title = "{The Galaxy Cluster Mass Scale and Its Impact on Cosmological Constraints from the Cluster Population}",
      journal = {\ssr},
     keywords = {Galaxy clusters, Large-scale structure of the Universe, Intracluster matter, Cosmological parameters, Astrophysics - Cosmology and Nongalactic Astrophysics},
         year = 2019,
        month = feb,
       volume = {215},
       number = {2},
          eid = {25},
        pages = {25},
          doi = {10.1007/s11214-019-0591-0},
archivePrefix = {arXiv},
       eprint = {1902.10837},
 primaryClass = {astro-ph.CO},
       adsurl = {https://ui.adsabs.harvard.edu/abs/2019SSRv..215...25P},
      adsnote = {Provided by the SAO/NASA Astrophysics Data System}
}
@ARTICLE{Evrard_2008,
       author = {{Evrard}, A.~E. and {Bialek}, J. and {Busha}, M. and {White}, M. and {Habib}, S. and {Heitmann}, K. and {Warren}, M. and {Rasia}, E. and {Tormen}, G. and {Moscardini}, L. and {Power}, C. and {Jenkins}, A.~R. and {Gao}, L. and {Frenk}, C.~S. and {Springel}, V. and {White}, S.~D.~M. and {Diemand}, J.},
        title = "{Virial Scaling of Massive Dark Matter Halos: Why Clusters Prefer a High Normalization Cosmology}",
      journal = {\apj},
     keywords = {cosmology: miscellaneous, cosmology: theory, dark matter, galaxies: clusters: general, gravitation, intergalactic medium, Astrophysics},
         year = 2008,
        month = jan,
       volume = {672},
       number = {1},
        pages = {122-137},
          doi = {10.1086/521616},
archivePrefix = {arXiv},
       eprint = {astro-ph/0702241},
 primaryClass = {astro-ph},
       adsurl = {https://ui.adsabs.harvard.edu/abs/2008ApJ...672..122E},
      adsnote = {Provided by the SAO/NASA Astrophysics Data System}
}

@ARTICLE{Ntampaka_2015,
       author = {{Ntampaka}, M. and {Trac}, H. and {Sutherland}, D.~J. and {Battaglia}, N. and {P{\'o}czos}, B. and {Schneider}, J.},
        title = "{A Machine Learning Approach for Dynamical Mass Measurements of Galaxy Clusters}",
      journal = {\apj},
     keywords = {cosmology: theory, dark matter, galaxies: clusters: general, galaxies: kinematics and dynamics, gravitation, large-scale structure of universe, methods: statistical, Astrophysics - Cosmology and Nongalactic Astrophysics},
         year = 2015,
        month = apr,
       volume = {803},
       number = {2},
          eid = {50},
        pages = {50},
          doi = {10.1088/0004-637X/803/2/50},
archivePrefix = {arXiv},
       eprint = {1410.0686},
 primaryClass = {astro-ph.CO},
       adsurl = {https://ui.adsabs.harvard.edu/abs/2015ApJ...803...50N},
      adsnote = {Provided by the SAO/NASA Astrophysics Data System}
}
@ARTICLE{Ettori_2019,
       author = {{Ettori}, S. and {Ghirardini}, V. and {Eckert}, D. and {Pointecouteau}, E. and {Gastaldello}, F. and {Sereno}, M. and {Gaspari}, M. and {Ghizzardi}, S. and {Roncarelli}, M. and {Rossetti}, M.},
        title = "{Hydrostatic mass profiles in X-COP galaxy clusters}",
      journal = {\aap},
     keywords = {dark matter, X-rays: galaxies: clusters, galaxies: clusters: intracluster medium, Astrophysics - Cosmology and Nongalactic Astrophysics},
         year = 2019,
        month = jan,
       volume = {621},
          eid = {A39},
        pages = {A39},
          doi = {10.1051/0004-6361/201833323},
archivePrefix = {arXiv},
       eprint = {1805.00035},
 primaryClass = {astro-ph.CO},
       adsurl = {https://ui.adsabs.harvard.edu/abs/2019A&A...621A..39E},
      adsnote = {Provided by the SAO/NASA Astrophysics Data System}
}





@ARTICLE{Chen_2019,
       author = {{Chen}, Huanqing and {Avestruz}, Camille and {Kravtsov}, Andrey V. and {Lau}, Erwin T. and {Nagai}, Daisuke},
        title = "{Imprints of mass accretion history on the shape of the intracluster medium and the T$_{X}$-M relation}",
      journal = {\mnras},
     keywords = {methods: numerical, galaxies: clusters: general, galaxies: clusters: intracluster medium, cosmology: theory, X-rays: galaxies: clusters, Astrophysics - Astrophysics of Galaxies, Astrophysics - Cosmology and Nongalactic Astrophysics},
         year = 2019,
        month = dec,
       volume = {490},
       number = {2},
        pages = {2380-2389},
          doi = {10.1093/mnras/stz2776},
archivePrefix = {arXiv},
       eprint = {1903.08662},
 primaryClass = {astro-ph.GA},
       adsurl = {https://ui.adsabs.harvard.edu/abs/2019MNRAS.490.2380C},
      adsnote = {Provided by the SAO/NASA Astrophysics Data System}
}

@ARTICLE{Diemer_2018,
       author = {{Diemer}, Benedikt},
        title = "{COLOSSUS: A Python Toolkit for Cosmology, Large-scale Structure, and Dark Matter Halos}",
      journal = {\apjs},
     keywords = {cosmology: theory, methods: numerical, Astrophysics - Cosmology and Nongalactic Astrophysics, Astrophysics - Instrumentation and Methods for Astrophysics},
         year = 2018,
        month = dec,
       volume = {239},
       number = {2},
          eid = {35},
        pages = {35},
          doi = {10.3847/1538-4365/aaee8c},
archivePrefix = {arXiv},
       eprint = {1712.04512},
 primaryClass = {astro-ph.CO},
       adsurl = {https://ui.adsabs.harvard.edu/abs/2018ApJS..239...35D},
      adsnote = {Provided by the SAO/NASA Astrophysics Data System}
}

@ARTICLE{Bocquet_2016,
       author = {{Bocquet}, Sebastian and {Saro}, Alex and {Dolag}, Klaus and {Mohr}, Joseph J.},
        title = "{Halo mass function: baryon impact, fitting formulae, and implications for cluster cosmology}",
      journal = {\mnras},
     keywords = {methods: numerical, galaxies: clusters: general, cosmological parameters, cosmology: theory, dark matter, large-scale structure of Universe, Astrophysics - Cosmology and Nongalactic Astrophysics},
         year = 2016,
        month = mar,
       volume = {456},
       number = {3},
        pages = {2361-2373},
          doi = {10.1093/mnras/stv2657},
archivePrefix = {arXiv},
       eprint = {1502.07357},
 primaryClass = {astro-ph.CO},
       adsurl = {https://ui.adsabs.harvard.edu/abs/2016MNRAS.456.2361B},
      adsnote = {Provided by the SAO/NASA Astrophysics Data System}
}

@ARTICLE{Evrard_1993,
       author = {{Evrard}, August E. and {Mohr}, Joseph J. and {Fabricant}, Daniel G. and {Geller}, Margaret J.},
        title = "{A Morphology-Cosmology Connection for X-Ray Clusters}",
      journal = {\apjl},
     keywords = {COSMOLOGY: THEORY, GALAXIES: CLUSTERING, GALAXIES: INTERGALACTIC MEDIUM, HYDRODYNAMICS, METHODS: NUMERICAL, X-RAYS: GALAXIES, Astrophysics},
         year = 1993,
        month = dec,
       volume = {419},
        pages = {L9},
          doi = {10.1086/187124},
archivePrefix = {arXiv},
       eprint = {astro-ph/9310002},
 primaryClass = {astro-ph},
       adsurl = {https://ui.adsabs.harvard.edu/abs/1993ApJ...419L...9E},
      adsnote = {Provided by the SAO/NASA Astrophysics Data System}
}
@ARTICLE{Diasuke_Lau_2011,
       author = {{Nagai}, Daisuke and {Lau}, Erwin T.},
        title = "{Gas Clumping in the Outskirts of {\ensuremath{\Lambda}}CDM Clusters}",
      journal = {\apjl},
     keywords = {cosmology: theory, galaxies: clusters: general, methods: numerical, X-rays: galaxies: clusters, Astrophysics - Cosmology and Nongalactic Astrophysics},
         year = 2011,
        month = apr,
       volume = {731},
       number = {1},
          eid = {L10},
        pages = {L10},
          doi = {10.1088/2041-8205/731/1/L10},
archivePrefix = {arXiv},
       eprint = {1103.0280},
 primaryClass = {astro-ph.CO},
       adsurl = {https://ui.adsabs.harvard.edu/abs/2011ApJ...731L..10N},
      adsnote = {Provided by the SAO/NASA Astrophysics Data System}
}




@ARTICLE{SIXTE,
       author = {{Dauser}, Thomas and {Falkner}, Sebastian and {Lorenz}, Maximilian and {Kirsch}, Christian and {Peille}, Philippe and {Cucchetti}, Edoardo and {Schmid}, Christian and {Brand}, Thorsten and {Oertel}, Mirjam and {Smith}, Randall and {Wilms}, J{\"o}rn},
        title = "{SIXTE: a generic X-ray instrument simulation toolkit}",
      journal = {\aap},
     keywords = {instrumentation: detectors, X-rays: general, methods: numerical, Astrophysics - High Energy Astrophysical Phenomena, Astrophysics - Instrumentation and Methods for Astrophysics},
         year = 2019,
        month = sep,
       volume = {630},
          eid = {A66},
        pages = {A66},
          doi = {10.1051/0004-6361/201935978},
archivePrefix = {arXiv},
       eprint = {1908.00781},
 primaryClass = {astro-ph.HE},
       adsurl = {https://ui.adsabs.harvard.edu/abs/2019A&A...630A..66D},
      adsnote = {Provided by the SAO/NASA Astrophysics Data System}
}
@ARTICLE{Tinker_2008,
       author = {{Tinker}, Jeremy and {Kravtsov}, Andrey V. and {Klypin}, Anatoly and {Abazajian}, Kevork and {Warren}, Michael and {Yepes}, Gustavo and {Gottl{\"o}ber}, Stefan and {Holz}, Daniel E.},
        title = "{Toward a Halo Mass Function for Precision Cosmology: The Limits of Universality}",
      journal = {\apj},
     keywords = {cosmology: theory, large-scale structure of universe, methods: numerical, Astrophysics},
         year = 2008,
        month = dec,
       volume = {688},
       number = {2},
        pages = {709-728},
          doi = {10.1086/591439},
archivePrefix = {arXiv},
       eprint = {0803.2706},
 primaryClass = {astro-ph},
       adsurl = {https://ui.adsabs.harvard.edu/abs/2008ApJ...688..709T},
      adsnote = {Provided by the SAO/NASA Astrophysics Data System}
}

@ARTICLE{Planck_2018,
       author = {{Planck Collaboration} and {Aghanim}, N. and {Akrami}, Y. and {Ashdown}, M. and {Aumont}, J. and {Baccigalupi}, C. and {Ballardini}, M. and {Banday}, A.~J. and {Barreiro}, R.~B. and {Bartolo}, N. and {Basak}, S. and {Battye}, R. and {Benabed}, K. and {Bernard}, J. -P. and {Bersanelli}, M. and {Bielewicz}, P. and {Bock}, J.~J. and {Bond}, J.~R. and {Borrill}, J. and {Bouchet}, F.~R. and {Boulanger}, F. and {Bucher}, M. and {Burigana}, C. and {Butler}, R.~C. and {Calabrese}, E. and {Cardoso}, J. -F. and {Carron}, J. and {Challinor}, A. and {Chiang}, H.~C. and {Chluba}, J. and {Colombo}, L.~P.~L. and {Combet}, C. and {Contreras}, D. and {Crill}, B.~P. and {Cuttaia}, F. and {de Bernardis}, P. and {de Zotti}, G. and {Delabrouille}, J. and {Delouis}, J. -M. and {Di Valentino}, E. and {Diego}, J.~M. and {Dor{\'e}}, O. and {Douspis}, M. and {Ducout}, A. and {Dupac}, X. and {Dusini}, S. and {Efstathiou}, G. and {Elsner}, F. and {En{\ss}lin}, T.~A. and {Eriksen}, H.~K. and {Fantaye}, Y. and {Farhang}, M. and {Fergusson}, J. and {Fernandez-Cobos}, R. and {Finelli}, F. and {Forastieri}, F. and {Frailis}, M. and {Fraisse}, A.~A. and {Franceschi}, E. and {Frolov}, A. and {Galeotta}, S. and {Galli}, S. and {Ganga}, K. and {G{\'e}nova-Santos}, R.~T. and {Gerbino}, M. and {Ghosh}, T. and {Gonz{\'a}lez-Nuevo}, J. and {G{\'o}rski}, K.~M. and {Gratton}, S. and {Gruppuso}, A. and {Gudmundsson}, J.~E. and {Hamann}, J. and {Handley}, W. and {Hansen}, F.~K. and {Herranz}, D. and {Hildebrandt}, S.~R. and {Hivon}, E. and {Huang}, Z. and {Jaffe}, A.~H. and {Jones}, W.~C. and {Karakci}, A. and {Keih{\"a}nen}, E. and {Keskitalo}, R. and {Kiiveri}, K. and {Kim}, J. and {Kisner}, T.~S. and {Knox}, L. and {Krachmalnicoff}, N. and {Kunz}, M. and {Kurki-Suonio}, H. and {Lagache}, G. and {Lamarre}, J. -M. and {Lasenby}, A. and {Lattanzi}, M. and {Lawrence}, C.~R. and {Le Jeune}, M. and {Lemos}, P. and {Lesgourgues}, J. and {Levrier}, F. and {Lewis}, A. and {Liguori}, M. and {Lilje}, P.~B. and {Lilley}, M. and {Lindholm}, V. and {L{\'o}pez-Caniego}, M. and {Lubin}, P.~M. and {Ma}, Y. -Z. and {Mac{\'\i}as-P{\'e}rez}, J.~F. and {Maggio}, G. and {Maino}, D. and {Mandolesi}, N. and {Mangilli}, A. and {Marcos-Caballero}, A. and {Maris}, M. and {Martin}, P.~G. and {Martinelli}, M. and {Mart{\'\i}nez-Gonz{\'a}lez}, E. and {Matarrese}, S. and {Mauri}, N. and {McEwen}, J.~D. and {Meinhold}, P.~R. and {Melchiorri}, A. and {Mennella}, A. and {Migliaccio}, M. and {Millea}, M. and {Mitra}, S. and {Miville-Desch{\^e}nes}, M. -A. and {Molinari}, D. and {Montier}, L. and {Morgante}, G. and {Moss}, A. and {Natoli}, P. and {N{\o}rgaard-Nielsen}, H.~U. and {Pagano}, L. and {Paoletti}, D. and {Partridge}, B. and {Patanchon}, G. and {Peiris}, H.~V. and {Perrotta}, F. and {Pettorino}, V. and {Piacentini}, F. and {Polastri}, L. and {Polenta}, G. and {Puget}, J. -L. and {Rachen}, J.~P. and {Reinecke}, M. and {Remazeilles}, M. and {Renzi}, A. and {Rocha}, G. and {Rosset}, C. and {Roudier}, G. and {Rubi{\~n}o-Mart{\'\i}n}, J.~A. and {Ruiz-Granados}, B. and {Salvati}, L. and {Sandri}, M. and {Savelainen}, M. and {Scott}, D. and {Shellard}, E.~P.~S. and {Sirignano}, C. and {Sirri}, G. and {Spencer}, L.~D. and {Sunyaev}, R. and {Suur-Uski}, A. -S. and {Tauber}, J.~A. and {Tavagnacco}, D. and {Tenti}, M. and {Toffolatti}, L. and {Tomasi}, M. and {Trombetti}, T. and {Valenziano}, L. and {Valiviita}, J. and {Van Tent}, B. and {Vibert}, L. and {Vielva}, P. and {Villa}, F. and {Vittorio}, N. and {Wandelt}, B.~D. and {Wehus}, I.~K. and {White}, M. and {White}, S.~D.~M. and {Zacchei}, A. and {Zonca}, A.},
        title = "{Planck 2018 results. VI. Cosmological parameters}",
      journal = {\aap},
     keywords = {cosmic background radiation, cosmological parameters, Astrophysics - Cosmology and Nongalactic Astrophysics},
         year = 2020,
        month = sep,
       volume = {641},
          eid = {A6},
        pages = {A6},
          doi = {10.1051/0004-6361/201833910},
archivePrefix = {arXiv},
       eprint = {1807.06209},
 primaryClass = {astro-ph.CO},
       adsurl = {https://ui.adsabs.harvard.edu/abs/2020A&A...641A...6P},
      adsnote = {Provided by the SAO/NASA Astrophysics Data System}
}

@ARTICLE{Hildebrandt_2020,
       author = {{Hildebrandt}, H. and {K{\"o}hlinger}, F. and {van den Busch}, J.~L. and {Joachimi}, B. and {Heymans}, C. and {Kannawadi}, A. and {Wright}, A.~H. and {Asgari}, M. and {Blake}, C. and {Hoekstra}, H. and {Joudaki}, S. and {Kuijken}, K. and {Miller}, L. and {Morrison}, C.~B. and {Tr{\"o}ster}, T. and {Amon}, A. and {Archidiacono}, M. and {Brieden}, S. and {Choi}, A. and {de Jong}, J.~T.~A. and {Erben}, T. and {Giblin}, B. and {Mead}, A. and {Peacock}, J.~A. and {Radovich}, M. and {Schneider}, P. and {Sif{\'o}n}, C. and {Tewes}, M.},
        title = "{KiDS+VIKING-450: Cosmic shear tomography with optical and infrared data}",
      journal = {\aap},
     keywords = {cosmology: observations, gravitational lensing: weak, galaxies: photometry, surveys, Astrophysics - Cosmology and Nongalactic Astrophysics},
         year = 2020,
        month = jan,
       volume = {633},
          eid = {A69},
        pages = {A69},
          doi = {10.1051/0004-6361/201834878},
archivePrefix = {arXiv},
       eprint = {1812.06076},
 primaryClass = {astro-ph.CO},
       adsurl = {https://ui.adsabs.harvard.edu/abs/2020A&A...633A..69H},
      adsnote = {Provided by the SAO/NASA Astrophysics Data System}
}

@ARTICLE{SZ_1972,
       author = {{Sunyaev}, R.~A. and {Zeldovich}, Ya. B.},
        title = "{The Observations of Relic Radiation as a Test of the Nature of X-Ray Radiation from the Clusters of Galaxies}",
      journal = {Comments on Astrophysics and Space Physics},
     keywords = {Cosmology, Microwave Background Radiation, Clusters of Galaxies, X-Ray Astronomy, Intergalactic Gas},
         year = 1972,
        month = nov,
       volume = {4},
        pages = {173},
       adsurl = {https://ui.adsabs.harvard.edu/abs/1972CoASP...4..173S},
      adsnote = {Provided by the SAO/NASA Astrophysics Data System}
}

@ARTICLE{Schmidhuber_2014,
       author = {{Schmidhuber}, Juergen},
        title = "{Deep Learning in Neural Networks: An Overview}",
      journal = {arXiv e-prints},
     keywords = {Computer Science - Neural and Evolutionary Computing, Computer Science - Machine Learning},
         year = 2014,
        month = apr,
          eid = {arXiv:1404.7828},
        pages = {arXiv:1404.7828},
archivePrefix = {arXiv},
       eprint = {1404.7828},
 primaryClass = {cs.NE},
       adsurl = {https://ui.adsabs.harvard.edu/abs/2014arXiv1404.7828S},
      adsnote = {Provided by the SAO/NASA Astrophysics Data System}
}

@ARTICLE{Ntampaka_2019,
       author = {{Ntampaka}, M. and {ZuHone}, J. and {Eisenstein}, D. and {Nagai}, D. and {Vikhlinin}, A. and {Hernquist}, L. and {Marinacci}, F. and {Nelson}, D. and {Pakmor}, R. and {Pillepich}, A. and {Torrey}, P. and {Vogelsberger}, M.},
        title = "{A Deep Learning Approach to Galaxy Cluster X-Ray Masses}",
      journal = {\apj},
     keywords = {galaxies: clusters: general, methods: statistical, X-rays: galaxies: clusters, Astrophysics - Cosmology and Nongalactic Astrophysics},
         year = 2019,
        month = may,
       volume = {876},
       number = {1},
          eid = {82},
        pages = {82},
          doi = {10.3847/1538-4357/ab14eb},
archivePrefix = {arXiv},
       eprint = {1810.07703},
 primaryClass = {astro-ph.CO},
       adsurl = {https://ui.adsabs.harvard.edu/abs/2019ApJ...876...82N},
      adsnote = {Provided by the SAO/NASA Astrophysics Data System}
}

@ARTICLE{Kravtsov_Borgani_2012,
       author = {{Kravtsov}, Andrey V. and {Borgani}, Stefano},
        title = "{Formation of Galaxy Clusters}",
      journal = {\araa},
     keywords = {Astrophysics - Cosmology and Nongalactic Astrophysics},
         year = 2012,
        month = sep,
       volume = {50},
        pages = {353-409},
          doi = {10.1146/annurev-astro-081811-125502},
archivePrefix = {arXiv},
       eprint = {1205.5556},
 primaryClass = {astro-ph.CO},
       adsurl = {https://ui.adsabs.harvard.edu/abs/2012ARA&A..50..353K},
      adsnote = {Provided by the SAO/NASA Astrophysics Data System}
}



@ARTICLE{Ntampaka_Rines_2019,
       author = {{Ntampaka}, Michelle and {Rines}, Ken and {Trac}, Hy},
        title = "{Cluster Cosmology with the Velocity Distribution Function of the HECS-SZ Sample}",
      journal = {\apj},
     keywords = {cosmological parameters, galaxies: clusters: general, methods: statistical, Astrophysics - Cosmology and Nongalactic Astrophysics},
         year = 2019,
        month = aug,
       volume = {880},
       number = {2},
          eid = {154},
        pages = {154},
          doi = {10.3847/1538-4357/ab2a00},
archivePrefix = {arXiv},
       eprint = {1906.07729},
 primaryClass = {astro-ph.CO},
       adsurl = {https://ui.adsabs.harvard.edu/abs/2019ApJ...880..154N},
      adsnote = {Provided by the SAO/NASA Astrophysics Data System}
}

@ARTICLE{Simonyan_2013,
       author = {{Simonyan}, Karen and {Vedaldi}, Andrea and {Zisserman}, Andrew},
        title = "{Deep Inside Convolutional Networks: Visualising Image Classification Models and Saliency Maps}",
      journal = {arXiv e-prints},
     keywords = {Computer Science - Computer Vision and Pattern Recognition},
         year = 2013,
        month = dec,
          eid = {arXiv:1312.6034},
        pages = {arXiv:1312.6034},
archivePrefix = {arXiv},
       eprint = {1312.6034},
 primaryClass = {cs.CV},
       adsurl = {https://ui.adsabs.harvard.edu/abs/2013arXiv1312.6034S},
      adsnote = {Provided by the SAO/NASA Astrophysics Data System}
}

@ARTICLE{Planck_2015_SZ,
       author = {{Planck Collaboration} and {Ade}, P.~A.~R. and {Aghanim}, N. and {Arnaud}, M. and {Ashdown}, M. and {Aumont}, J. and {Baccigalupi}, C. and {Banday}, A.~J. and {Barreiro}, R.~B. and {Bartlett}, J.~G. and {Bartolo}, N. and {Battaner}, E. and {Battye}, R. and {Benabed}, K. and {Beno{\^\i}t}, A. and {Benoit-L{\'e}vy}, A. and {Bernard}, J. -P. and {Bersanelli}, M. and {Bielewicz}, P. and {Bock}, J.~J. and {Bonaldi}, A. and {Bonavera}, L. and {Bond}, J.~R. and {Borrill}, J. and {Bouchet}, F.~R. and {Bucher}, M. and {Burigana}, C. and {Butler}, R.~C. and {Calabrese}, E. and {Cardoso}, J. -F. and {Catalano}, A. and {Challinor}, A. and {Chamballu}, A. and {Chary}, R. -R. and {Chiang}, H.~C. and {Christensen}, P.~R. and {Church}, S. and {Clements}, D.~L. and {Colombi}, S. and {Colombo}, L.~P.~L. and {Combet}, C. and {Comis}, B. and {Couchot}, F. and {Coulais}, A. and {Crill}, B.~P. and {Curto}, A. and {Cuttaia}, F. and {Danese}, L. and {Davies}, R.~D. and {Davis}, R.~J. and {de Bernardis}, P. and {de Rosa}, A. and {de Zotti}, G. and {Delabrouille}, J. and {D{\'e}sert}, F. -X. and {Diego}, J.~M. and {Dolag}, K. and {Dole}, H. and {Donzelli}, S. and {Dor{\'e}}, O. and {Douspis}, M. and {Ducout}, A. and {Dupac}, X. and {Efstathiou}, G. and {Elsner}, F. and {En{\ss}lin}, T.~A. and {Eriksen}, H.~K. and {Falgarone}, E. and {Fergusson}, J. and {Finelli}, F. and {Forni}, O. and {Frailis}, M. and {Fraisse}, A.~A. and {Franceschi}, E. and {Frejsel}, A. and {Galeotta}, S. and {Galli}, S. and {Ganga}, K. and {Giard}, M. and {Giraud-H{\'e}raud}, Y. and {Gjerl{\o}w}, E. and {Gonz{\'a}lez-Nuevo}, J. and {G{\'o}rski}, K.~M. and {Gratton}, S. and {Gregorio}, A. and {Gruppuso}, A. and {Gudmundsson}, J.~E. and {Hansen}, F.~K. and {Hanson}, D. and {Harrison}, D.~L. and {Henrot-Versill{\'e}}, S. and {Hern{\'a}ndez-Monteagudo}, C. and {Herranz}, D. and {Hildebrandt}, S.~R. and {Hivon}, E. and {Hobson}, M. and {Holmes}, W.~A. and {Hornstrup}, A. and {Hovest}, W. and {Huffenberger}, K.~M. and {Hurier}, G. and {Jaffe}, A.~H. and {Jaffe}, T.~R. and {Jones}, W.~C. and {Juvela}, M. and {Keih{\"a}nen}, E. and {Keskitalo}, R. and {Kisner}, T.~S. and {Kneissl}, R. and {Knoche}, J. and {Kunz}, M. and {Kurki-Suonio}, H. and {Lagache}, G. and {L{\"a}hteenm{\"a}ki}, A. and {Lamarre}, J. -M. and {Lasenby}, A. and {Lattanzi}, M. and {Lawrence}, C.~R. and {Leonardi}, R. and {Lesgourgues}, J. and {Levrier}, F. and {Liguori}, M. and {Lilje}, P.~B. and {Linden-V{\o}rnle}, M. and {L{\'o}pez-Caniego}, M. and {Lubin}, P.~M. and {Mac{\'\i}as-P{\'e}rez}, J.~F. and {Maggio}, G. and {Maino}, D. and {Mandolesi}, N. and {Mangilli}, A. and {Maris}, M. and {Martin}, P.~G. and {Mart{\'\i}nez-Gonz{\'a}lez}, E. and {Masi}, S. and {Matarrese}, S. and {McGehee}, P. and {Meinhold}, P.~R. and {Melchiorri}, A. and {Melin}, J. -B. and {Mendes}, L. and {Mennella}, A. and {Migliaccio}, M. and {Mitra}, S. and {Miville-Desch{\^e}nes}, M. -A. and {Moneti}, A. and {Montier}, L. and {Morgante}, G. and {Mortlock}, D. and {Moss}, A. and {Munshi}, D. and {Murphy}, J.~A. and {Naselsky}, P. and {Nati}, F. and {Natoli}, P. and {Netterfield}, C.~B. and {N{\o}rgaard-Nielsen}, H.~U. and {Noviello}, F. and {Novikov}, D. and {Novikov}, I. and {Oxborrow}, C.~A. and {Paci}, F. and {Pagano}, L. and {Pajot}, F. and {Paoletti}, D. and {Partridge}, B. and {Pasian}, F. and {Patanchon}, G. and {Pearson}, T.~J. and {Perdereau}, O. and {Perotto}, L. and {Perrotta}, F. and {Pettorino}, V. and {Piacentini}, F. and {Piat}, M. and {Pierpaoli}, E. and {Pietrobon}, D. and {Plaszczynski}, S. and {Pointecouteau}, E. and {Polenta}, G. and {Popa}, L. and {Pratt}, G.~W. and {Pr{\'e}zeau}, G. and {Prunet}, S. and {Puget}, J. -L. and {Rachen}, J.~P. and {Rebolo}, R. and {Reinecke}, M. and {Remazeilles}, M. and {Renault}, C. and {Renzi}, A. and {Ristorcelli}, I. and {Rocha}, G. and {Roman}, M. and {Rosset}, C. and {Rossetti}, M. and {Roudier}, G. and {Rubi{\~n}o-Mart{\'\i}n}, J.~A. and {Rusholme}, B. and {Sandri}, M. and {Santos}, D. and {Savelainen}, M. and {Savini}, G. and {Scott}, D. and {Seiffert}, M.~D. and {Shellard}, E.~P.~S. and {Spencer}, L.~D. and {Stolyarov}, V. and {Stompor}, R. and {Sudiwala}, R. and {Sunyaev}, R. and {Sutton}, D. and {Suur-Uski}, A. -S. and {Sygnet}, J. -F. and {Tauber}, J.~A. and {Terenzi}, L. and {Toffolatti}, L. and {Tomasi}, M. and {Tristram}, M. and {Tucci}, M. and {Tuovinen}, J. and {T{\"u}rler}, M. and {Umana}, G. and {Valenziano}, L. and {Valiviita}, J. and {Van Tent}, B. and {Vielva}, P. and {Villa}, F. and {Wade}, L.~A. and {Wandelt}, B.~D. and {Wehus}, I.~K. and {Weller}, J. and {White}, S.~D.~M. and {Yvon}, D. and {Zacchei}, A. and {Zonca}, A.},
        title = "{Planck 2015 results. XXIV. Cosmology from Sunyaev-Zeldovich cluster counts}",
      journal = {\aap},
     keywords = {cosmological parameters, large-scale structure of Universe, Astrophysics - Cosmology and Nongalactic Astrophysics},
         year = 2016,
        month = sep,
       volume = {594},
          eid = {A24},
        pages = {A24},
          doi = {10.1051/0004-6361/201525833},
archivePrefix = {arXiv},
       eprint = {1502.01597},
 primaryClass = {astro-ph.CO},
       adsurl = {https://ui.adsabs.harvard.edu/abs/2016A&A...594A..24P},
      adsnote = {Provided by the SAO/NASA Astrophysics Data System}
}

@ARTICLE{eROSITA_summary_2021,
       author = {{Predehl}, P. and {Andritschke}, R. and {Arefiev}, V. and {Babyshkin}, V. and {Batanov}, O. and {Becker}, W. and {B{\"o}hringer}, H. and {Bogomolov}, A. and {Boller}, T. and {Borm}, K. and {Bornemann}, W. and {Br{\"a}uninger}, H. and {Br{\"u}ggen}, M. and {Brunner}, H. and {Brusa}, M. and {Bulbul}, E. and {Buntov}, M. and {Burwitz}, V. and {Burkert}, W. and {Clerc}, N. and {Churazov}, E. and {Coutinho}, D. and {Dauser}, T. and {Dennerl}, K. and {Doroshenko}, V. and {Eder}, J. and {Emberger}, V. and {Eraerds}, T. and {Finoguenov}, A. and {Freyberg}, M. and {Friedrich}, P. and {Friedrich}, S. and {F{\"u}rmetz}, M. and {Georgakakis}, A. and {Gilfanov}, M. and {Granato}, S. and {Grossberger}, C. and {Gueguen}, A. and {Gureev}, P. and {Haberl}, F. and {H{\"a}lker}, O. and {Hartner}, G. and {Hasinger}, G. and {Huber}, H. and {Ji}, L. and {Kienlin}, A. v. and {Kink}, W. and {Korotkov}, F. and {Kreykenbohm}, I. and {Lamer}, G. and {Lomakin}, I. and {Lapshov}, I. and {Liu}, T. and {Maitra}, C. and {Meidinger}, N. and {Menz}, B. and {Merloni}, A. and {Mernik}, T. and {Mican}, B. and {Mohr}, J. and {M{\"u}ller}, S. and {Nandra}, K. and {Nazarov}, V. and {Pacaud}, F. and {Pavlinsky}, M. and {Perinati}, E. and {Pfeffermann}, E. and {Pietschner}, D. and {Ramos-Ceja}, M.~E. and {Rau}, A. and {Reiffers}, J. and {Reiprich}, T.~H. and {Robrade}, J. and {Salvato}, M. and {Sanders}, J. and {Santangelo}, A. and {Sasaki}, M. and {Scheuerle}, H. and {Schmid}, C. and {Schmitt}, J. and {Schwope}, A. and {Shirshakov}, A. and {Steinmetz}, M. and {Stewart}, I. and {Str{\"u}der}, L. and {Sunyaev}, R. and {Tenzer}, C. and {Tiedemann}, L. and {Tr{\"u}mper}, J. and {Voron}, V. and {Weber}, P. and {Wilms}, J. and {Yaroshenko}, V.},
        title = "{The eROSITA X-ray telescope on SRG}",
      journal = {\aap},
     keywords = {space vehicles: instruments, X-rays: general, surveys, dark energy, Astrophysics - High Energy Astrophysical Phenomena, Astrophysics - Instrumentation and Methods for Astrophysics},
         year = 2021,
        month = mar,
       volume = {647},
          eid = {A1},
        pages = {A1},
          doi = {10.1051/0004-6361/202039313},
archivePrefix = {arXiv},
       eprint = {2010.03477},
 primaryClass = {astro-ph.HE},
       adsurl = {https://ui.adsabs.harvard.edu/abs/2021A&A...647A...1P},
      adsnote = {Provided by the SAO/NASA Astrophysics Data System}
}
@ARTICLE{eROSITA_Sciencebook_2012,
       author = {{Merloni}, A. and {Predehl}, P. and {Becker}, W. and {B{\"o}hringer}, H. and {Boller}, T. and {Brunner}, H. and {Brusa}, M. and {Dennerl}, K. and {Freyberg}, M. and {Friedrich}, P. and {Georgakakis}, A. and {Haberl}, F. and {Hasinger}, G. and {Meidinger}, N. and {Mohr}, J. and {Nandra}, K. and {Rau}, A. and {Reiprich}, T.~H. and {Robrade}, J. and {Salvato}, M. and {Santangelo}, A. and {Sasaki}, M. and {Schwope}, A. and {Wilms}, J. and {German eROSITA Consortium}, the},
        title = "{eROSITA Science Book: Mapping the Structure of the Energetic Universe}",
      journal = {arXiv e-prints},
     keywords = {Astrophysics - High Energy Astrophysical Phenomena, Astrophysics - Cosmology and Extragalactic Astrophysics},
         year = 2012,
        month = sep,
          eid = {arXiv:1209.3114},
        pages = {arXiv:1209.3114},
archivePrefix = {arXiv},
       eprint = {1209.3114},
 primaryClass = {astro-ph.HE},
       adsurl = {https://ui.adsabs.harvard.edu/abs/2012arXiv1209.3114M},
      adsnote = {Provided by the SAO/NASA Astrophysics Data System}
}

@ARTICLE{Planelles_2015,
       author = {{Planelles}, S. and {Schleicher}, D.~R.~G. and {Bykov}, A.~M.},
        title = "{Large-Scale Structure Formation: From the First Non-linear Objects to Massive Galaxy Clusters}",
      journal = {\ssr},
     keywords = {Cosmology: theory, Early Universe, Numerical simulations, Galaxies: clusters, Hydrodynamics, X-ray: galaxies, Astrophysics - Cosmology and Nongalactic Astrophysics},
         year = 2015,
        month = may,
       volume = {188},
       number = {1-4},
        pages = {93-139},
          doi = {10.1007/s11214-014-0045-7},
archivePrefix = {arXiv},
       eprint = {1404.3956},
 primaryClass = {astro-ph.CO},
       adsurl = {https://ui.adsabs.harvard.edu/abs/2015SSRv..188...93P},
      adsnote = {Provided by the SAO/NASA Astrophysics Data System}
}

@ARTICLE{Navarro_1996,
       author = {{Navarro}, Julio F. and {Frenk}, Carlos S. and {White}, Simon D.~M.},
        title = "{The Structure of Cold Dark Matter Halos}",
      journal = {\apj},
     keywords = {COSMOLOGY: THEORY, COSMOLOGY: DARK MATTER, GALAXIES: HALOS, METHODS: NUMERICAL, Astrophysics},
         year = 1996,
        month = may,
       volume = {462},
        pages = {563},
          doi = {10.1086/177173},
archivePrefix = {arXiv},
       eprint = {astro-ph/9508025},
 primaryClass = {astro-ph},
       adsurl = {https://ui.adsabs.harvard.edu/abs/1996ApJ...462..563N},
      adsnote = {Provided by the SAO/NASA Astrophysics Data System}
}
@ARTICLE{Navarro_1997,
       author = {{Navarro}, Julio F. and {Frenk}, Carlos S. and {White}, Simon D.~M.},
        title = "{A Universal Density Profile from Hierarchical Clustering}",
      journal = {\apj},
     keywords = {Cosmology: Theory, Cosmology: Dark Matter, Galaxies: Halos, Methods: Numerical, Astrophysics},
         year = 1997,
        month = dec,
       volume = {490},
       number = {2},
        pages = {493-508},
          doi = {10.1086/304888},
archivePrefix = {arXiv},
       eprint = {astro-ph/9611107},
 primaryClass = {astro-ph},
       adsurl = {https://ui.adsabs.harvard.edu/abs/1997ApJ...490..493N},
      adsnote = {Provided by the SAO/NASA Astrophysics Data System}
}
@ARTICLE{Einasto_1965,
       author = {{Einasto}, J.},
        title = "{On the Construction of a Composite Model for the Galaxy and on the Determination of the System of Galactic Parameters}",
      journal = {Trudy Astrofizicheskogo Instituta Alma-Ata},
         year = 1965,
        month = jan,
       volume = {5},
        pages = {87-100},
       adsurl = {https://ui.adsabs.harvard.edu/abs/1965TrAlm...5...87E},
      adsnote = {Provided by the SAO/NASA Astrophysics Data System}
}




@BOOK{Rybicki_Lightman,
       author = {{Rybicki}, George B. and {Lightman}, Alan P.},
        title = "{Radiative Processes in Astrophysics}",
         year = 1986,
       adsurl = {https://ui.adsabs.harvard.edu/abs/1986rpa..book.....R},
      adsnote = {Provided by the SAO/NASA Astrophysics Data System}
}

@ARTICLE{Clever_Hans_2019,
       author = {{Anders}, Christopher J. and {Weber}, Leander and {Neumann}, David and {Samek}, Wojciech and {M{\"u}ller}, Klaus-Robert and {Lapuschkin}, Sebastian},
        title = "{Finding and Removing Clever Hans: Using Explanation Methods to Debug and Improve Deep Models}",
      journal = {arXiv e-prints},
     keywords = {Computer Science - Computer Vision and Pattern Recognition, Computer Science - Machine Learning, Computer Science - Neural and Evolutionary Computing, Electrical Engineering and Systems Science - Image and Video Processing},
         year = 2019,
        month = dec,
          eid = {arXiv:1912.11425},
        pages = {arXiv:1912.11425},
archivePrefix = {arXiv},
       eprint = {1912.11425},
 primaryClass = {cs.CV},
       adsurl = {https://ui.adsabs.harvard.edu/abs/2019arXiv191211425A},
      adsnote = {Provided by the SAO/NASA Astrophysics Data System}
}
@ARTICLE{Ntampaka_VDF,
       author = {{Ntampaka}, Michelle and {Rines}, Ken and {Trac}, Hy},
        title = "{Cluster Cosmology with the Velocity Distribution Function of the HECS-SZ Sample}",
      journal = {\apj},
     keywords = {cosmological parameters, galaxies: clusters: general, methods: statistical, Astrophysics - Cosmology and Nongalactic Astrophysics},
         year = 2019,
        month = aug,
       volume = {880},
       number = {2},
          eid = {154},
        pages = {154},
          doi = {10.3847/1538-4357/ab2a00},
archivePrefix = {arXiv},
       eprint = {1906.07729},
 primaryClass = {astro-ph.CO},
       adsurl = {https://ui.adsabs.harvard.edu/abs/2019ApJ...880..154N},
      adsnote = {Provided by the SAO/NASA Astrophysics Data System}
}

@ARTICLE{DES_2018,
       author = {{Abbott}, T.~M.~C. and {Abdalla}, F.~B. and {Alarcon}, A. and {Aleksi{\'c}}, J. and {Allam}, S. and {Allen}, S. and {Amara}, A. and {Annis}, J. and {Asorey}, J. and {Avila}, S. and {Bacon}, D. and {Balbinot}, E. and {Banerji}, M. and {Banik}, N. and {Barkhouse}, W. and {Baumer}, M. and {Baxter}, E. and {Bechtol}, K. and {Becker}, M.~R. and {Benoit-L{\'e}vy}, A. and {Benson}, B.~A. and {Bernstein}, G.~M. and {Bertin}, E. and {Blazek}, J. and {Bridle}, S.~L. and {Brooks}, D. and {Brout}, D. and {Buckley-Geer}, E. and {Burke}, D.~L. and {Busha}, M.~T. and {Campos}, A. and {Capozzi}, D. and {Carnero Rosell}, A. and {Carrasco Kind}, M. and {Carretero}, J. and {Castander}, F.~J. and {Cawthon}, R. and {Chang}, C. and {Chen}, N. and {Childress}, M. and {Choi}, A. and {Conselice}, C. and {Crittenden}, R. and {Crocce}, M. and {Cunha}, C.~E. and {D'Andrea}, C.~B. and {da Costa}, L.~N. and {Das}, R. and {Davis}, T.~M. and {Davis}, C. and {De Vicente}, J. and {DePoy}, D.~L. and {DeRose}, J. and {Desai}, S. and {Diehl}, H.~T. and {Dietrich}, J.~P. and {Dodelson}, S. and {Doel}, P. and {Drlica-Wagner}, A. and {Eifler}, T.~F. and {Elliott}, A.~E. and {Elsner}, F. and {Elvin-Poole}, J. and {Estrada}, J. and {Evrard}, A.~E. and {Fang}, Y. and {Fernandez}, E. and {Fert{\'e}}, A. and {Finley}, D.~A. and {Flaugher}, B. and {Fosalba}, P. and {Friedrich}, O. and {Frieman}, J. and {Garc{\'\i}a-Bellido}, J. and {Garcia-Fernandez}, M. and {Gatti}, M. and {Gaztanaga}, E. and {Gerdes}, D.~W. and {Giannantonio}, T. and {Gill}, M.~S.~S. and {Glazebrook}, K. and {Goldstein}, D.~A. and {Gruen}, D. and {Gruendl}, R.~A. and {Gschwend}, J. and {Gutierrez}, G. and {Hamilton}, S. and {Hartley}, W.~G. and {Hinton}, S.~R. and {Honscheid}, K. and {Hoyle}, B. and {Huterer}, D. and {Jain}, B. and {James}, D.~J. and {Jarvis}, M. and {Jeltema}, T. and {Johnson}, M.~D. and {Johnson}, M.~W.~G. and {Kacprzak}, T. and {Kent}, S. and {Kim}, A.~G. and {King}, A. and {Kirk}, D. and {Kokron}, N. and {Kovacs}, A. and {Krause}, E. and {Krawiec}, C. and {Kremin}, A. and {Kuehn}, K. and {Kuhlmann}, S. and {Kuropatkin}, N. and {Lacasa}, F. and {Lahav}, O. and {Li}, T.~S. and {Liddle}, A.~R. and {Lidman}, C. and {Lima}, M. and {Lin}, H. and {MacCrann}, N. and {Maia}, M.~A.~G. and {Makler}, M. and {Manera}, M. and {March}, M. and {Marshall}, J.~L. and {Martini}, P. and {McMahon}, R.~G. and {Melchior}, P. and {Menanteau}, F. and {Miquel}, R. and {Miranda}, V. and {Mudd}, D. and {Muir}, J. and {M{\"o}ller}, A. and {Neilsen}, E. and {Nichol}, R.~C. and {Nord}, B. and {Nugent}, P. and {Ogando}, R.~L.~C. and {Palmese}, A. and {Peacock}, J. and {Peiris}, H.~V. and {Peoples}, J. and {Percival}, W.~J. and {Petravick}, D. and {Plazas}, A.~A. and {Porredon}, A. and {Prat}, J. and {Pujol}, A. and {Rau}, M.~M. and {Refregier}, A. and {Ricker}, P.~M. and {Roe}, N. and {Rollins}, R.~P. and {Romer}, A.~K. and {Roodman}, A. and {Rosenfeld}, R. and {Ross}, A.~J. and {Rozo}, E. and {Rykoff}, E.~S. and {Sako}, M. and {Salvador}, A.~I. and {Samuroff}, S. and {S{\'a}nchez}, C. and {Sanchez}, E. and {Santiago}, B. and {Scarpine}, V. and {Schindler}, R. and {Scolnic}, D. and {Secco}, L.~F. and {Serrano}, S. and {Sevilla-Noarbe}, I. and {Sheldon}, E. and {Smith}, R.~C. and {Smith}, M. and {Smith}, J. and {Soares-Santos}, M. and {Sobreira}, F. and {Suchyta}, E. and {Tarle}, G. and {Thomas}, D. and {Troxel}, M.~A. and {Tucker}, D.~L. and {Tucker}, B.~E. and {Uddin}, S.~A. and {Varga}, T.~N. and {Vielzeuf}, P. and {Vikram}, V. and {Vivas}, A.~K. and {Walker}, A.~R. and {Wang}, M. and {Wechsler}, R.~H. and {Weller}, J. and {Wester}, W. and {Wolf}, R.~C. and {Yanny}, B. and {Yuan}, F. and {Zenteno}, A. and {Zhang}, B. and {Zhang}, Y. and {Zuntz}, J. and {Dark Energy Survey Collaboration}},
        title = "{Dark Energy Survey year 1 results: Cosmological constraints from galaxy clustering and weak lensing}",
      journal = {\prd},
     keywords = {Astrophysics - Cosmology and Nongalactic Astrophysics},
         year = 2018,
        month = aug,
       volume = {98},
       number = {4},
          eid = {043526},
        pages = {043526},
          doi = {10.1103/PhysRevD.98.043526},
archivePrefix = {arXiv},
       eprint = {1708.01530},
 primaryClass = {astro-ph.CO},
       adsurl = {https://ui.adsabs.harvard.edu/abs/2018PhRvD..98d3526A},
      adsnote = {Provided by the SAO/NASA Astrophysics Data System}
}



@ARTICLE{WtG_2015,
       author = {{Mantz}, Adam B. and {von der Linden}, Anja and {Allen}, Steven W. and {Applegate}, Douglas E. and {Kelly}, Patrick L. and {Morris}, R. Glenn and {Rapetti}, David A. and {Schmidt}, Robert W. and {Adhikari}, Saroj and {Allen}, Mark T. and {Burchat}, Patricia R. and {Burke}, David L. and {Cataneo}, Matteo and {Donovan}, David and {Ebeling}, Harald and {Shandera}, Sarah and {Wright}, Adam},
        title = "{Weighing the giants - IV. Cosmology and neutrino mass}",
      journal = {\mnras},
     keywords = {cosmological parameters, cosmology: observations, large-scale structure of Universe, X-rays: galaxies: clusters, Astrophysics - Cosmology and Nongalactic Astrophysics},
         year = 2015,
        month = jan,
       volume = {446},
       number = {3},
        pages = {2205-2225},
          doi = {10.1093/mnras/stu2096},
archivePrefix = {arXiv},
       eprint = {1407.4516},
 primaryClass = {astro-ph.CO},
       adsurl = {https://ui.adsabs.harvard.edu/abs/2015MNRAS.446.2205M},
      adsnote = {Provided by the SAO/NASA Astrophysics Data System}
}

@ARTICLE{SPT_SZ_2016,
       author = {{de Haan}, T. and {Benson}, B.~A. and {Bleem}, L.~E. and {Allen}, S.~W. and {Applegate}, D.~E. and {Ashby}, M.~L.~N. and {Bautz}, M. and {Bayliss}, M. and {Bocquet}, S. and {Brodwin}, M. and {Carlstrom}, J.~E. and {Chang}, C.~L. and {Chiu}, I. and {Cho}, H. -M. and {Clocchiatti}, A. and {Crawford}, T.~M. and {Crites}, A.~T. and {Desai}, S. and {Dietrich}, J.~P. and {Dobbs}, M.~A. and {Doucouliagos}, A.~N. and {Foley}, R.~J. and {Forman}, W.~R. and {Garmire}, G.~P. and {George}, E.~M. and {Gladders}, M.~D. and {Gonzalez}, A.~H. and {Gupta}, N. and {Halverson}, N.~W. and {Hlavacek-Larrondo}, J. and {Hoekstra}, H. and {Holder}, G.~P. and {Holzapfel}, W.~L. and {Hou}, Z. and {Hrubes}, J.~D. and {Huang}, N. and {Jones}, C. and {Keisler}, R. and {Knox}, L. and {Lee}, A.~T. and {Leitch}, E.~M. and {von der Linden}, A. and {Luong-Van}, D. and {Mantz}, A. and {Marrone}, D.~P. and {McDonald}, M. and {McMahon}, J.~J. and {Meyer}, S.~S. and {Mocanu}, L.~M. and {Mohr}, J.~J. and {Murray}, S.~S. and {Padin}, S. and {Pryke}, C. and {Rapetti}, D. and {Reichardt}, C.~L. and {Rest}, A. and {Ruel}, J. and {Ruhl}, J.~E. and {Saliwanchik}, B.~R. and {Saro}, A. and {Sayre}, J.~T. and {Schaffer}, K.~K. and {Schrabback}, T. and {Shirokoff}, E. and {Song}, J. and {Spieler}, H.~G. and {Stalder}, B. and {Stanford}, S.~A. and {Staniszewski}, Z. and {Stark}, A.~A. and {Story}, K.~T. and {Stubbs}, C.~W. and {Vanderlinde}, K. and {Vieira}, J.~D. and {Vikhlinin}, A. and {Williamson}, R. and {Zenteno}, A.},
        title = "{Cosmological Constraints from Galaxy Clusters in the 2500 Square-degree SPT-SZ Survey}",
      journal = {\apj},
     keywords = {cosmology: observations, galaxies: clusters: general, Astrophysics - Cosmology and Nongalactic Astrophysics},
         year = 2016,
        month = nov,
       volume = {832},
       number = {1},
          eid = {95},
        pages = {95},
          doi = {10.3847/0004-637X/832/1/95},
archivePrefix = {arXiv},
       eprint = {1603.06522},
 primaryClass = {astro-ph.CO},
       adsurl = {https://ui.adsabs.harvard.edu/abs/2016ApJ...832...95D},
      adsnote = {Provided by the SAO/NASA Astrophysics Data System}
}

@ARTICLE{Allen_2011,
       author = {{Allen}, Steven W. and {Evrard}, August E. and {Mantz}, Adam B.},
        title = "{Cosmological Parameters from Observations of Galaxy Clusters}",
      journal = {\araa},
     keywords = {Astrophysics - Cosmology and Extragalactic Astrophysics},
         year = 2011,
        month = sep,
       volume = {49},
       number = {1},
        pages = {409-470},
          doi = {10.1146/annurev-astro-081710-102514},
archivePrefix = {arXiv},
       eprint = {1103.4829},
 primaryClass = {astro-ph.CO},
       adsurl = {https://ui.adsabs.harvard.edu/abs/2011ARA&A..49..409A},
      adsnote = {Provided by the SAO/NASA Astrophysics Data System}
}

@ARTICLE{Eckert_2011,
       author = {{Eckert}, D. and {Molendi}, S. and {Paltani}, S.},
        title = "{The cool-core bias in X-ray galaxy cluster samples. I. Method and application to HIFLUGCS}",
      journal = {\aap},
     keywords = {galaxies: clusters: general, galaxies: clusters: intracluster medium, X-rays: galaxies: clusters, Astrophysics - Cosmology and Nongalactic Astrophysics, Astrophysics - High Energy Astrophysical Phenomena, Astrophysics - Instrumentation and Methods for Astrophysics},
         year = 2011,
        month = feb,
       volume = {526},
          eid = {A79},
        pages = {A79},
          doi = {10.1051/0004-6361/201015856},
archivePrefix = {arXiv},
       eprint = {1011.3302},
 primaryClass = {astro-ph.CO},
       adsurl = {https://ui.adsabs.harvard.edu/abs/2011A&A...526A..79E},
      adsnote = {Provided by the SAO/NASA Astrophysics Data System}
}

@ARTICLE{Molendi_2001,
       author = {{Molendi}, Silvano and {Pizzolato}, Fabio},
        title = "{Is the Gas in Cooling Flows Multiphase?}",
      journal = {\apj},
     keywords = {Galaxies: Clusters: General, X-Rays: Galaxies, Astrophysics},
         year = 2001,
        month = oct,
       volume = {560},
       number = {1},
        pages = {194-200},
          doi = {10.1086/322387},
archivePrefix = {arXiv},
       eprint = {astro-ph/0106552},
 primaryClass = {astro-ph},
       adsurl = {https://ui.adsabs.harvard.edu/abs/2001ApJ...560..194M},
      adsnote = {Provided by the SAO/NASA Astrophysics Data System}
}
@ARTICLE{Sanders_2004,
       author = {{Sanders}, J.~S. and {Fabian}, A.~C. and {Allen}, S.~W. and {Schmidt}, R.~W.},
        title = "{Mapping small-scale temperature and abundance structures in the core of the Perseus cluster}",
      journal = {\mnras},
     keywords = {galaxies: clusters: individual: Perseus, cooling flows, intergalactic medium, X-rays: galaxies: clusters, Astrophysics},
         year = 2004,
        month = apr,
       volume = {349},
       number = {3},
        pages = {952-972},
          doi = {10.1111/j.1365-2966.2004.07576.x},
archivePrefix = {arXiv},
       eprint = {astro-ph/0311502},
 primaryClass = {astro-ph},
       adsurl = {https://ui.adsabs.harvard.edu/abs/2004MNRAS.349..952S},
      adsnote = {Provided by the SAO/NASA Astrophysics Data System}
}


@ARTICLE{Jones_Forman_1984,
       author = {{Jones}, C. and {Forman}, W.},
        title = "{The structure of clusters of galaxies observed with Einstein.}",
      journal = {\apj},
     keywords = {Cosmology, Galactic Clusters, Intergalactic Media, Interstellar Gas, X Ray Sources, Brightness Distribution, Galactic Evolution, Heao 2, Luminosity, Radii, Radio Galaxies, Scale Height, Astrophysics},
         year = 1984,
        month = jan,
       volume = {276},
        pages = {38-55},
          doi = {10.1086/161591},
       adsurl = {https://ui.adsabs.harvard.edu/abs/1984ApJ...276...38J},
      adsnote = {Provided by the SAO/NASA Astrophysics Data System}
}

@ARTICLE{Fabian_1994,
       author = {{Fabian}, A.~C.},
        title = "{Cooling Flows in Clusters of Galaxies}",
      journal = {\araa},
         year = 1994,
        month = jan,
       volume = {32},
        pages = {277-318},
          doi = {10.1146/annurev.aa.32.090194.001425},
       adsurl = {https://ui.adsabs.harvard.edu/abs/1994ARA&A..32..277F},
      adsnote = {Provided by the SAO/NASA Astrophysics Data System}
}

@ARTICLE{McNamara_Nulsen_2012,
       author = {{McNamara}, B.~R. and {Nulsen}, P.~E.~J.},
        title = "{Mechanical feedback from active galactic nuclei in galaxies, groups and clusters}",
      journal = {New Journal of Physics},
     keywords = {Astrophysics - Cosmology and Nongalactic Astrophysics},
         year = 2012,
        month = may,
       volume = {14},
       number = {5},
          eid = {055023},
        pages = {055023},
          doi = {10.1088/1367-2630/14/5/055023},
archivePrefix = {arXiv},
       eprint = {1204.0006},
 primaryClass = {astro-ph.CO},
       adsurl = {https://ui.adsabs.harvard.edu/abs/2012NJPh...14e5023M},
      adsnote = {Provided by the SAO/NASA Astrophysics Data System}
}

@ARTICLE{Inoue_2022,
       author = {{Inoue}, Hajime},
        title = "{Origin of cool cores, cold fronts, and spiral structures in cool core clusters of galaxies}",
      journal = {\pasj},
     keywords = {galaxies: clusters: general, galaxies: clusters: intracluster medium, X-rays: galaxies: clusters, Astrophysics - High Energy Astrophysical Phenomena, Astrophysics - Cosmology and Nongalactic Astrophysics},
         year = 2022,
        month = feb,
       volume = {74},
       number = {1},
        pages = {152-160},
          doi = {10.1093/pasj/psab114},
archivePrefix = {arXiv},
       eprint = {2112.10940},
 primaryClass = {astro-ph.HE},
       adsurl = {https://ui.adsabs.harvard.edu/abs/2022PASJ...74..152I},
      adsnote = {Provided by the SAO/NASA Astrophysics Data System}
}

@ARTICLE{Evans_2010,
       author = {{Evans}, Ian N. and {Primini}, Francis A. and {Glotfelty}, Kenny J. and {Anderson}, Craig S. and {Bonaventura}, Nina R. and {Chen}, Judy C. and {Davis}, John E. and {Doe}, Stephen M. and {Evans}, Janet D. and {Fabbiano}, Giuseppina and {Galle}, Elizabeth C. and {Gibbs}, Danny G., II and {Grier}, John D. and {Hain}, Roger M. and {Hall}, Diane M. and {Harbo}, Peter N. and {He}, Xiangqun Helen and {Houck}, John C. and {Karovska}, Margarita and {Kashyap}, Vinay L. and {Lauer}, Jennifer and {McCollough}, Michael L. and {McDowell}, Jonathan C. and {Miller}, Joseph B. and {Mitschang}, Arik W. and {Morgan}, Douglas L. and {Mossman}, Amy E. and {Nichols}, Joy S. and {Nowak}, Michael A. and {Plummer}, David A. and {Refsdal}, Brian L. and {Rots}, Arnold H. and {Siemiginowska}, Aneta and {Sundheim}, Beth A. and {Tibbetts}, Michael S. and {Van Stone}, David W. and {Winkelman}, Sherry L. and {Zografou}, Panagoula},
        title = "{The Chandra Source Catalog}",
      journal = {\apjs},
     keywords = {catalogs, X-rays: general, Astrophysics - High Energy Astrophysical Phenomena, Astrophysics - Instrumentation and Methods for Astrophysics},
         year = 2010,
        month = jul,
       volume = {189},
       number = {1},
        pages = {37-82},
          doi = {10.1088/0067-0049/189/1/37},
archivePrefix = {arXiv},
       eprint = {1005.4665},
 primaryClass = {astro-ph.HE},
       adsurl = {https://ui.adsabs.harvard.edu/abs/2010ApJS..189...37E},
      adsnote = {Provided by the SAO/NASA Astrophysics Data System}
}
@ARTICLE{Santos_2008,
       author = {{Santos}, J.~S. and {Rosati}, P. and {Tozzi}, P. and {B{\"o}hringer}, H. and {Ettori}, S. and {Bignamini}, A.},
        title = "{Searching for cool core clusters at high redshift}",
      journal = {\aap},
     keywords = {X-rays: galaxies: clusters, galaxies: clusters: general, galaxies: cooling flows, galaxies: high-redshift, Astrophysics},
         year = 2008,
        month = may,
       volume = {483},
       number = {1},
        pages = {35-47},
          doi = {10.1051/0004-6361:20078815},
archivePrefix = {arXiv},
       eprint = {0802.1445},
 primaryClass = {astro-ph},
       adsurl = {https://ui.adsabs.harvard.edu/abs/2008A&A...483...35S},
      adsnote = {Provided by the SAO/NASA Astrophysics Data System}
}


@ARTICLE{Kravtsov_2006,
       author = {{Kravtsov}, Andrey V. and {Vikhlinin}, Alexey and {Nagai}, Daisuke},
        title = "{A New Robust Low-Scatter X-Ray Mass Indicator for Clusters of Galaxies}",
      journal = {\apj},
     keywords = {Cosmology: Theory, Galaxies: Clusters: General, Galaxies: Evolution, Methods: Numerical, X-Rays: Galaxies: Clusters, Astrophysics},
         year = 2006,
        month = oct,
       volume = {650},
       number = {1},
        pages = {128-136},
          doi = {10.1086/506319},
archivePrefix = {arXiv},
       eprint = {astro-ph/0603205},
 primaryClass = {astro-ph},
       adsurl = {https://ui.adsabs.harvard.edu/abs/2006ApJ...650..128K},
      adsnote = {Provided by the SAO/NASA Astrophysics Data System}
}

@ARTICLE{Lotz_2004,
       author = {{Lotz}, Jennifer M. and {Primack}, Joel and {Madau}, Piero},
        title = "{A New Nonparametric Approach to Galaxy Morphological Classification}",
      journal = {\aj},
     keywords = {Galaxies: Fundamental Parameters, Galaxies: High-Redshift, Galaxies: Peculiar, Galaxies: Structure, Astrophysics},
         year = 2004,
        month = jul,
       volume = {128},
       number = {1},
        pages = {163-182},
          doi = {10.1086/421849},
archivePrefix = {arXiv},
       eprint = {astro-ph/0311352},
 primaryClass = {astro-ph},
       adsurl = {https://ui.adsabs.harvard.edu/abs/2004AJ....128..163L},
      adsnote = {Provided by the SAO/NASA Astrophysics Data System}
}
@ARTICLE{Green_2019,
       author = {{Green}, Sheridan B. and {Ntampaka}, Michelle and {Nagai}, Daisuke and {Lovisari}, Lorenzo and {Dolag}, Klaus and {Eckert}, Dominique and {ZuHone}, John A.},
        title = "{Using X-Ray Morphological Parameters to Strengthen Galaxy Cluster Mass Estimates via Machine Learning}",
      journal = {\apj},
     keywords = {Galaxy clusters, Cosmology, Astrostatistics, 584, 334, 1882, Astrophysics - Cosmology and Nongalactic Astrophysics},
         year = 2019,
        month = oct,
       volume = {884},
       number = {1},
          eid = {33},
        pages = {33},
          doi = {10.3847/1538-4357/ab426f},
archivePrefix = {arXiv},
       eprint = {1908.02765},
 primaryClass = {astro-ph.CO},
       adsurl = {https://ui.adsabs.harvard.edu/abs/2019ApJ...884...33G},
      adsnote = {Provided by the SAO/NASA Astrophysics Data System}
}


@ARTICLE{Rasia_2013,
       author = {{Rasia}, Elena and {Meneghetti}, Massimo and {Ettori}, Stefano},
        title = "{X-ray Morphological Estimators for Galaxy Clusters}",
      journal = {The Astronomical Review},
     keywords = {magneto-astrophysics, clusters, centroid shift, particle re-acceleration, Astrophysics - Cosmology and Extragalactic Astrophysics},
         year = 2013,
        month = jan,
       volume = {8},
        pages = {40-70},
          doi = {10.1080/21672857.2013.11519713},
archivePrefix = {arXiv},
       eprint = {1211.7040},
 primaryClass = {astro-ph.CO},
       adsurl = {https://ui.adsabs.harvard.edu/abs/2013AstRv...8a..40R},
      adsnote = {Provided by the SAO/NASA Astrophysics Data System}
}

@ARTICLE{Richstone_1992,
       author = {{Richstone}, D. and {Loeb}, A. and {Turner}, E.~L.},
        title = "{A Lower Limit on the Cosmic Mean Density from the Ages of Clusters of Galaxies}",
      journal = {\apj},
     keywords = {Galactic Clusters, Galactic Evolution, Red Shift, Hubble Constant, Stellar Mass Accretion, Universe, Astrophysics, COSMOLOGY: THEORY, GALAXIES: CLUSTERING},
         year = 1992,
        month = jul,
       volume = {393},
        pages = {477},
          doi = {10.1086/171521},
       adsurl = {https://ui.adsabs.harvard.edu/abs/1992ApJ...393..477R},
      adsnote = {Provided by the SAO/NASA Astrophysics Data System}
}

@ARTICLE{Melott_2001,
       author = {{Melott}, Adrian L. and {Chambers}, Scott W. and {Miller}, Christopher J.},
        title = "{Recent Dynamical Relaxation of Galaxy Clusters: Evidence for a Low-{\ensuremath{\Omega}}$_{m}$ Universe}",
      journal = {\apjl},
     keywords = {Galaxies: Clusters: General, Galaxies: Evolution, Cosmology: Large-Scale Structure of Universe, Astrophysics},
         year = 2001,
        month = oct,
       volume = {559},
       number = {2},
        pages = {L75-L78},
          doi = {10.1086/323809},
archivePrefix = {arXiv},
       eprint = {astro-ph/0108222},
 primaryClass = {astro-ph},
       adsurl = {https://ui.adsabs.harvard.edu/abs/2001ApJ...559L..75M},
      adsnote = {Provided by the SAO/NASA Astrophysics Data System}
}

@ARTICLE{Yuan_Han_2020,
       author = {{Yuan}, Z.~S. and {Han}, J.~L.},
        title = "{Dynamical state for 964 galaxy clusters from Chandra X-ray images}",
      journal = {\mnras},
     keywords = {galaxies: clusters: general, galaxies: clusters: intracluster medium, Astrophysics - Astrophysics of Galaxies, Astrophysics - High Energy Astrophysical Phenomena},
         year = 2020,
        month = oct,
       volume = {497},
       number = {4},
        pages = {5485-5497},
          doi = {10.1093/mnras/staa2363},
archivePrefix = {arXiv},
       eprint = {2008.01299},
 primaryClass = {astro-ph.GA},
       adsurl = {https://ui.adsabs.harvard.edu/abs/2020MNRAS.497.5485Y},
      adsnote = {Provided by the SAO/NASA Astrophysics Data System}
}

@ARTICLE{Brout_2022,
       author = {{Brout}, Dillon and {Scolnic}, Dan and {Popovic}, Brodie and {Riess}, Adam G. and {Carr}, Anthony and {Zuntz}, Joe and {Kessler}, Rick and {Davis}, Tamara M. and {Hinton}, Samuel and {Jones}, David and {Kenworthy}, W. D'Arcy and {Peterson}, Erik R. and {Said}, Khaled and {Taylor}, Georgie and {Ali}, Noor and {Armstrong}, Patrick and {Charvu}, Pranav and {Dwomoh}, Arianna and {Meldorf}, Cole and {Palmese}, Antonella and {Qu}, Helen and {Rose}, Benjamin M. and {Sanchez}, Bruno and {Stubbs}, Christopher W. and {Vincenzi}, Maria and {Wood}, Charlotte M. and {Brown}, Peter J. and {Chen}, Rebecca and {Chambers}, Ken and {Coulter}, David A. and {Dai}, Mi and {Dimitriadis}, Georgios and {Filippenko}, Alexei V. and {Foley}, Ryan J. and {Jha}, Saurabh W. and {Kelsey}, Lisa and {Kirshner}, Robert P. and {M{\"o}ller}, Anais and {Muir}, Jessie and {Nadathur}, Seshadri and {Pan}, Yen-Chen and {Rest}, Armin and {Rojas-Bravo}, Cesar and {Sako}, Masao and {Siebert}, Matthew R. and {Smith}, Mat and {Stahl}, Benjamin E. and {Wiseman}, Phil},
        title = "{The Pantheon+ Analysis: Cosmological Constraints}",
      journal = {\apj},
     keywords = {Cosmology, Dark energy, Dark matter, Type Ia supernovae, Cosmological models, Expanding universe, 343, 351, 353, 1728, 337, 502, Astrophysics - Cosmology and Nongalactic Astrophysics},
         year = 2022,
        month = oct,
       volume = {938},
       number = {2},
          eid = {110},
        pages = {110},
          doi = {10.3847/1538-4357/ac8e04},
archivePrefix = {arXiv},
       eprint = {2202.04077},
 primaryClass = {astro-ph.CO},
       adsurl = {https://ui.adsabs.harvard.edu/abs/2022ApJ...938..110B},
      adsnote = {Provided by the SAO/NASA Astrophysics Data System}
}



@ARTICLE{Joudaki_2020,
       author = {{Joudaki}, S. and {Hildebrandt}, H. and {Traykova}, D. and {Chisari}, N.~E. and {Heymans}, C. and {Kannawadi}, A. and {Kuijken}, K. and {Wright}, A.~H. and {Asgari}, M. and {Erben}, T. and {Hoekstra}, H. and {Joachimi}, B. and {Miller}, L. and {Tr{\"o}ster}, T. and {van den Busch}, J.~L.},
        title = "{KiDS+VIKING-450 and DES-Y1 combined: Cosmology with cosmic shear}",
      journal = {\aap},
     keywords = {cosmology: observations, galaxies: photometry, gravitational lensing: weak, surveys, Astrophysics - Cosmology and Nongalactic Astrophysics},
         year = 2020,
        month = jun,
       volume = {638},
          eid = {L1},
        pages = {L1},
          doi = {10.1051/0004-6361/201936154},
archivePrefix = {arXiv},
       eprint = {1906.09262},
 primaryClass = {astro-ph.CO},
       adsurl = {https://ui.adsabs.harvard.edu/abs/2020A&A...638L...1J},
      adsnote = {Provided by the SAO/NASA Astrophysics Data System}
}


@ARTICLE{Elvin-Poole_2018,
       author = {{Elvin-Poole}, J. and {Crocce}, M. and {Ross}, A.~J. and {Giannantonio}, T. and {Rozo}, E. and {Rykoff}, E.~S. and {Avila}, S. and {Banik}, N. and {Blazek}, J. and {Bridle}, S.~L. and {Cawthon}, R. and {Drlica-Wagner}, A. and {Friedrich}, O. and {Kokron}, N. and {Krause}, E. and {MacCrann}, N. and {Prat}, J. and {S{\'a}nchez}, C. and {Secco}, L.~F. and {Sevilla-Noarbe}, I. and {Troxel}, M.~A. and {Abbott}, T.~M.~C. and {Abdalla}, F.~B. and {Allam}, S. and {Annis}, J. and {Asorey}, J. and {Bechtol}, K. and {Becker}, M.~R. and {Benoit-L{\'e}vy}, A. and {Bernstein}, G.~M. and {Bertin}, E. and {Brooks}, D. and {Buckley-Geer}, E. and {Burke}, D.~L. and {Carnero Rosell}, A. and {Carollo}, D. and {Carrasco Kind}, M. and {Carretero}, J. and {Castander}, F.~J. and {Cunha}, C.~E. and {D'Andrea}, C.~B. and {da Costa}, L.~N. and {Davis}, T.~M. and {Davis}, C. and {Desai}, S. and {Diehl}, H.~T. and {Dietrich}, J.~P. and {Dodelson}, S. and {Doel}, P. and {Eifler}, T.~F. and {Evrard}, A.~E. and {Fernandez}, E. and {Flaugher}, B. and {Fosalba}, P. and {Frieman}, J. and {Garc{\'\i}a-Bellido}, J. and {Gaztanaga}, E. and {Gerdes}, D.~W. and {Glazebrook}, K. and {Gruen}, D. and {Gruendl}, R.~A. and {Gschwend}, J. and {Gutierrez}, G. and {Hartley}, W.~G. and {Hinton}, S.~R. and {Honscheid}, K. and {Hoormann}, J.~K. and {Jain}, B. and {James}, D.~J. and {Jarvis}, M. and {Jeltema}, T. and {Johnson}, M.~W.~G. and {Johnson}, M.~D. and {King}, A. and {Kuehn}, K. and {Kuhlmann}, S. and {Kuropatkin}, N. and {Lahav}, O. and {Lewis}, G. and {Li}, T.~S. and {Lidman}, C. and {Lima}, M. and {Lin}, H. and {Macaulay}, E. and {March}, M. and {Marshall}, J.~L. and {Martini}, P. and {Melchior}, P. and {Menanteau}, F. and {Miquel}, R. and {Mohr}, J.~J. and {M{\"o}ller}, A. and {Nichol}, R.~C. and {Nord}, B. and {O'Neill}, C.~R. and {Percival}, W.~J. and {Petravick}, D. and {Plazas}, A.~A. and {Romer}, A.~K. and {Sako}, M. and {Sanchez}, E. and {Scarpine}, V. and {Schindler}, R. and {Schubnell}, M. and {Sheldon}, E. and {Smith}, M. and {Smith}, R.~C. and {Soares-Santos}, M. and {Sobreira}, F. and {Sommer}, N.~E. and {Suchyta}, E. and {Swanson}, M.~E.~C. and {Tarle}, G. and {Thomas}, D. and {Tucker}, B.~E. and {Tucker}, D.~L. and {Uddin}, S.~A. and {Vikram}, V. and {Walker}, A.~R. and {Wechsler}, R.~H. and {Weller}, J. and {Wester}, W. and {Wolf}, R.~C. and {Yuan}, F. and {Zhang}, B. and {Zuntz}, J. and {DES Collaboration}},
        title = "{Dark Energy Survey year 1 results: Galaxy clustering for combined probes}",
      journal = {\prd},
     keywords = {Astrophysics - Cosmology and Nongalactic Astrophysics},
         year = 2018,
        month = aug,
       volume = {98},
       number = {4},
          eid = {042006},
        pages = {042006},
          doi = {10.1103/PhysRevD.98.042006},
archivePrefix = {arXiv},
       eprint = {1708.01536},
 primaryClass = {astro-ph.CO},
       adsurl = {https://ui.adsabs.harvard.edu/abs/2018PhRvD..98d2006E},
      adsnote = {Provided by the SAO/NASA Astrophysics Data System}
}

@ARTICLE{Bocquet_2019,
       author = {{Bocquet}, S. and {Dietrich}, J.~P. and {Schrabback}, T. and {Bleem}, L.~E. and {Klein}, M. and {Allen}, S.~W. and {Applegate}, D.~E. and {Ashby}, M.~L.~N. and {Bautz}, M. and {Bayliss}, M. and {Benson}, B.~A. and {Brodwin}, M. and {Bulbul}, E. and {Canning}, R.~E.~A. and {Capasso}, R. and {Carlstrom}, J.~E. and {Chang}, C.~L. and {Chiu}, I. and {Cho}, H. -M. and {Clocchiatti}, A. and {Crawford}, T.~M. and {Crites}, A.~T. and {de Haan}, T. and {Desai}, S. and {Dobbs}, M.~A. and {Foley}, R.~J. and {Forman}, W.~R. and {Garmire}, G.~P. and {George}, E.~M. and {Gladders}, M.~D. and {Gonzalez}, A.~H. and {Grandis}, S. and {Gupta}, N. and {Halverson}, N.~W. and {Hlavacek-Larrondo}, J. and {Hoekstra}, H. and {Holder}, G.~P. and {Holzapfel}, W.~L. and {Hou}, Z. and {Hrubes}, J.~D. and {Huang}, N. and {Jones}, C. and {Khullar}, G. and {Knox}, L. and {Kraft}, R. and {Lee}, A.~T. and {von der Linden}, A. and {Luong-Van}, D. and {Mantz}, A. and {Marrone}, D.~P. and {McDonald}, M. and {McMahon}, J.~J. and {Meyer}, S.~S. and {Mocanu}, L.~M. and {Mohr}, J.~J. and {Morris}, R.~G. and {Padin}, S. and {Patil}, S. and {Pryke}, C. and {Rapetti}, D. and {Reichardt}, C.~L. and {Rest}, A. and {Ruhl}, J.~E. and {Saliwanchik}, B.~R. and {Saro}, A. and {Sayre}, J.~T. and {Schaffer}, K.~K. and {Shirokoff}, E. and {Stalder}, B. and {Stanford}, S.~A. and {Staniszewski}, Z. and {Stark}, A.~A. and {Story}, K.~T. and {Strazzullo}, V. and {Stubbs}, C.~W. and {Vanderlinde}, K. and {Vieira}, J.~D. and {Vikhlinin}, A. and {Williamson}, R. and {Zenteno}, A.},
        title = "{Cluster Cosmology Constraints from the 2500 deg$^{2}$ SPT-SZ Survey: Inclusion of Weak Gravitational Lensing Data from Magellan and the Hubble Space Telescope}",
      journal = {\apj},
     keywords = {cosmological parameters, cosmology: observations, galaxies: clusters: general, large-scale structure of universe, Astrophysics - Cosmology and Nongalactic Astrophysics},
         year = 2019,
        month = jun,
       volume = {878},
       number = {1},
          eid = {55},
        pages = {55},
          doi = {10.3847/1538-4357/ab1f10},
archivePrefix = {arXiv},
       eprint = {1812.01679},
 primaryClass = {astro-ph.CO},
       adsurl = {https://ui.adsabs.harvard.edu/abs/2019ApJ...878...55B},
      adsnote = {Provided by the SAO/NASA Astrophysics Data System}
}

@ARTICLE{DES_Abbott_2022,
       author = {{Abbott}, T.~M.~C. and {Aguena}, M. and {Alarcon}, A. and {Allam}, S. and {Alves}, O. and {Amon}, A. and {Andrade-Oliveira}, F. and {Annis}, J. and {Avila}, S. and {Bacon}, D. and {Baxter}, E. and {Bechtol}, K. and {Becker}, M.~R. and {Bernstein}, G.~M. and {Bhargava}, S. and {Birrer}, S. and {Blazek}, J. and {Brandao-Souza}, A. and {Bridle}, S.~L. and {Brooks}, D. and {Buckley-Geer}, E. and {Burke}, D.~L. and {Camacho}, H. and {Campos}, A. and {Carnero Rosell}, A. and {Carrasco Kind}, M. and {Carretero}, J. and {Castander}, F.~J. and {Cawthon}, R. and {Chang}, C. and {Chen}, A. and {Chen}, R. and {Choi}, A. and {Conselice}, C. and {Cordero}, J. and {Costanzi}, M. and {Crocce}, M. and {da Costa}, L.~N. and {da Silva Pereira}, M.~E. and {Davis}, C. and {Davis}, T.~M. and {De Vicente}, J. and {DeRose}, J. and {Desai}, S. and {Di Valentino}, E. and {Diehl}, H.~T. and {Dietrich}, J.~P. and {Dodelson}, S. and {Doel}, P. and {Doux}, C. and {Drlica-Wagner}, A. and {Eckert}, K. and {Eifler}, T.~F. and {Elsner}, F. and {Elvin-Poole}, J. and {Everett}, S. and {Evrard}, A.~E. and {Fang}, X. and {Farahi}, A. and {Fernandez}, E. and {Ferrero}, I. and {Fert{\'e}}, A. and {Fosalba}, P. and {Friedrich}, O. and {Frieman}, J. and {Garc{\'\i}a-Bellido}, J. and {Gatti}, M. and {Gaztanaga}, E. and {Gerdes}, D.~W. and {Giannantonio}, T. and {Giannini}, G. and {Gruen}, D. and {Gruendl}, R.~A. and {Gschwend}, J. and {Gutierrez}, G. and {Harrison}, I. and {Hartley}, W.~G. and {Herner}, K. and {Hinton}, S.~R. and {Hollowood}, D.~L. and {Honscheid}, K. and {Hoyle}, B. and {Huff}, E.~M. and {Huterer}, D. and {Jain}, B. and {James}, D.~J. and {Jarvis}, M. and {Jeffrey}, N. and {Jeltema}, T. and {Kovacs}, A. and {Krause}, E. and {Kron}, R. and {Kuehn}, K. and {Kuropatkin}, N. and {Lahav}, O. and {Leget}, P. -F. and {Lemos}, P. and {Liddle}, A.~R. and {Lidman}, C. and {Lima}, M. and {Lin}, H. and {MacCrann}, N. and {Maia}, M.~A.~G. and {Marshall}, J.~L. and {Martini}, P. and {McCullough}, J. and {Melchior}, P. and {Mena-Fern{\'a}ndez}, J. and {Menanteau}, F. and {Miquel}, R. and {Mohr}, J.~J. and {Morgan}, R. and {Muir}, J. and {Myles}, J. and {Nadathur}, S. and {Navarro-Alsina}, A. and {Nichol}, R.~C. and {Ogando}, R.~L.~C. and {Omori}, Y. and {Palmese}, A. and {Pandey}, S. and {Park}, Y. and {Paz-Chinch{\'o}n}, F. and {Petravick}, D. and {Pieres}, A. and {Plazas Malag{\'o}n}, A.~A. and {Porredon}, A. and {Prat}, J. and {Raveri}, M. and {Rodriguez-Monroy}, M. and {Rollins}, R.~P. and {Romer}, A.~K. and {Roodman}, A. and {Rosenfeld}, R. and {Ross}, A.~J. and {Rykoff}, E.~S. and {Samuroff}, S. and {S{\'a}nchez}, C. and {Sanchez}, E. and {Sanchez}, J. and {Sanchez Cid}, D. and {Scarpine}, V. and {Schubnell}, M. and {Scolnic}, D. and {Secco}, L.~F. and {Serrano}, S. and {Sevilla-Noarbe}, I. and {Sheldon}, E. and {Shin}, T. and {Smith}, M. and {Soares-Santos}, M. and {Suchyta}, E. and {Swanson}, M.~E.~C. and {Tabbutt}, M. and {Tarle}, G. and {Thomas}, D. and {To}, C. and {Troja}, A. and {Troxel}, M.~A. and {Tucker}, D.~L. and {Tutusaus}, I. and {Varga}, T.~N. and {Walker}, A.~R. and {Weaverdyck}, N. and {Wechsler}, R. and {Weller}, J. and {Yanny}, B. and {Yin}, B. and {Zhang}, Y. and {Zuntz}, J. and {DES Collaboration}},
        title = "{Dark Energy Survey Year 3 results: Cosmological constraints from galaxy clustering and weak lensing}",
      journal = {\prd},
     keywords = {Astrophysics - Cosmology and Nongalactic Astrophysics},
         year = 2022,
        month = jan,
       volume = {105},
       number = {2},
          eid = {023520},
        pages = {023520},
          doi = {10.1103/PhysRevD.105.023520},
archivePrefix = {arXiv},
       eprint = {2105.13549},
 primaryClass = {astro-ph.CO},
       adsurl = {https://ui.adsabs.harvard.edu/abs/2022PhRvD.105b3520A},
      adsnote = {Provided by the SAO/NASA Astrophysics Data System}
}

@ARTICLE{Planck_2018_overview,
       author = {{Planck Collaboration} and {Aghanim}, N. and {Akrami}, Y. and {Arroja}, F. and {Ashdown}, M. and {Aumont}, J. and {Baccigalupi}, C. and {Ballardini}, M. and {Banday}, A.~J. and {Barreiro}, R.~B. and {Bartolo}, N. and {Basak}, S. and {Battye}, R. and {Benabed}, K. and {Bernard}, J. -P. and {Bersanelli}, M. and {Bielewicz}, P. and {Bock}, J.~J. and {Bond}, J.~R. and {Borrill}, J. and {Bouchet}, F.~R. and {Boulanger}, F. and {Bucher}, M. and {Burigana}, C. and {Butler}, R.~C. and {Calabrese}, E. and {Cardoso}, J. -F. and {Carron}, J. and {Casaponsa}, B. and {Challinor}, A. and {Chiang}, H.~C. and {Colombo}, L.~P.~L. and {Combet}, C. and {Contreras}, D. and {Crill}, B.~P. and {Cuttaia}, F. and {de Bernardis}, P. and {de Zotti}, G. and {Delabrouille}, J. and {Delouis}, J. -M. and {D{\'e}sert}, F. -X. and {Di Valentino}, E. and {Dickinson}, C. and {Diego}, J.~M. and {Donzelli}, S. and {Dor{\'e}}, O. and {Douspis}, M. and {Ducout}, A. and {Dupac}, X. and {Efstathiou}, G. and {Elsner}, F. and {En{\ss}lin}, T.~A. and {Eriksen}, H.~K. and {Falgarone}, E. and {Fantaye}, Y. and {Fergusson}, J. and {Fernandez-Cobos}, R. and {Finelli}, F. and {Forastieri}, F. and {Frailis}, M. and {Franceschi}, E. and {Frolov}, A. and {Galeotta}, S. and {Galli}, S. and {Ganga}, K. and {G{\'e}nova-Santos}, R.~T. and {Gerbino}, M. and {Ghosh}, T. and {Gonz{\'a}lez-Nuevo}, J. and {G{\'o}rski}, K.~M. and {Gratton}, S. and {Gruppuso}, A. and {Gudmundsson}, J.~E. and {Hamann}, J. and {Handley}, W. and {Hansen}, F.~K. and {Helou}, G. and {Herranz}, D. and {Hildebrandt}, S.~R. and {Hivon}, E. and {Huang}, Z. and {Jaffe}, A.~H. and {Jones}, W.~C. and {Karakci}, A. and {Keih{\"a}nen}, E. and {Keskitalo}, R. and {Kiiveri}, K. and {Kim}, J. and {Kisner}, T.~S. and {Knox}, L. and {Krachmalnicoff}, N. and {Kunz}, M. and {Kurki-Suonio}, H. and {Lagache}, G. and {Lamarre}, J. -M. and {Langer}, M. and {Lasenby}, A. and {Lattanzi}, M. and {Lawrence}, C.~R. and {Le Jeune}, M. and {Leahy}, J.~P. and {Lesgourgues}, J. and {Levrier}, F. and {Lewis}, A. and {Liguori}, M. and {Lilje}, P.~B. and {Lilley}, M. and {Lindholm}, V. and {L{\'o}pez-Caniego}, M. and {Lubin}, P.~M. and {Ma}, Y. -Z. and {Mac{\'\i}as-P{\'e}rez}, J.~F. and {Maggio}, G. and {Maino}, D. and {Mandolesi}, N. and {Mangilli}, A. and {Marcos-Caballero}, A. and {Maris}, M. and {Martin}, P.~G. and {Martinelli}, M. and {Mart{\'\i}nez-Gonz{\'a}lez}, E. and {Matarrese}, S. and {Mauri}, N. and {McEwen}, J.~D. and {Meerburg}, P.~D. and {Meinhold}, P.~R. and {Melchiorri}, A. and {Mennella}, A. and {Migliaccio}, M. and {Millea}, M. and {Mitra}, S. and {Miville-Desch{\^e}nes}, M. -A. and {Molinari}, D. and {Moneti}, A. and {Montier}, L. and {Morgante}, G. and {Moss}, A. and {Mottet}, S. and {M{\"u}nchmeyer}, M. and {Natoli}, P. and {N{\o}rgaard-Nielsen}, H.~U. and {Oxborrow}, C.~A. and {Pagano}, L. and {Paoletti}, D. and {Partridge}, B. and {Patanchon}, G. and {Pearson}, T.~J. and {Peel}, M. and {Peiris}, H.~V. and {Perrotta}, F. and {Pettorino}, V. and {Piacentini}, F. and {Polastri}, L. and {Polenta}, G. and {Puget}, J. -L. and {Rachen}, J.~P. and {Reinecke}, M. and {Remazeilles}, M. and {Renault}, C. and {Renzi}, A. and {Rocha}, G. and {Rosset}, C. and {Roudier}, G. and {Rubi{\~n}o-Mart{\'\i}n}, J.~A. and {Ruiz-Granados}, B. and {Salvati}, L. and {Sandri}, M. and {Savelainen}, M. and {Scott}, D. and {Shellard}, E.~P.~S. and {Shiraishi}, M. and {Sirignano}, C. and {Sirri}, G. and {Spencer}, L.~D. and {Sunyaev}, R. and {Suur-Uski}, A. -S. and {Tauber}, J.~A. and {Tavagnacco}, D. and {Tenti}, M. and {Terenzi}, L. and {Toffolatti}, L. and {Tomasi}, M. and {Trombetti}, T. and {Valiviita}, J. and {Van Tent}, B. and {Vibert}, L. and {Vielva}, P. and {Villa}, F. and {Vittorio}, N. and {Wandelt}, B.~D. and {Wehus}, I.~K. and {White}, M. and {White}, S.~D.~M. and {Zacchei}, A. and {Zonca}, A.},
        title = "{Planck 2018 results. I. Overview and the cosmological legacy of Planck}",
      journal = {\aap},
     keywords = {cosmology: observations, cosmology: theory, cosmic background radiation, surveys, Astrophysics - Cosmology and Nongalactic Astrophysics},
         year = 2020,
        month = sep,
       volume = {641},
          eid = {A1},
        pages = {A1},
          doi = {10.1051/0004-6361/201833880},
archivePrefix = {arXiv},
       eprint = {1807.06205},
 primaryClass = {astro-ph.CO},
       adsurl = {https://ui.adsabs.harvard.edu/abs/2020A&A...641A...1P},
      adsnote = {Provided by the SAO/NASA Astrophysics Data System}
}

@ARTICLE{SPT_2017,
       author = {{Aylor}, K. and {Hou}, Z. and {Knox}, L. and {Story}, K.~T. and {Benson}, B.~A. and {Bleem}, L.~E. and {Carlstrom}, J.~E. and {Chang}, C.~L. and {Cho}, H. -M. and {Chown}, R. and {Crawford}, T.~M. and {Crites}, A.~T. and {de Haan}, T. and {Dobbs}, M.~A. and {Everett}, W.~B. and {George}, E.~M. and {Halverson}, N.~W. and {Harrington}, N.~L. and {Holder}, G.~P. and {Holzapfel}, W.~L. and {Hrubes}, J.~D. and {Keisler}, R. and {Lee}, A.~T. and {Leitch}, E.~M. and {Luong-Van}, D. and {Marrone}, D.~P. and {McMahon}, J.~J. and {Meyer}, S.~S. and {Millea}, M. and {Mocanu}, L.~M. and {Mohr}, J.~J. and {Natoli}, T. and {Omori}, Y. and {Padin}, S. and {Pryke}, C. and {Reichardt}, C.~L. and {Ruhl}, J.~E. and {Sayre}, J.~T. and {Schaffer}, K.~K. and {Shirokoff}, E. and {Staniszewski}, Z. and {Stark}, A.~A. and {Vanderlinde}, K. and {Vieira}, J.~D. and {Williamson}, R.},
        title = "{A Comparison of Cosmological Parameters Determined from CMB Temperature Power Spectra from the South Pole Telescope and the Planck  Satellite}",
      journal = {\apj},
     keywords = {cosmic background radiation, cosmology: observations, Astrophysics - Cosmology and Nongalactic Astrophysics},
         year = 2017,
        month = nov,
       volume = {850},
       number = {1},
          eid = {101},
        pages = {101},
          doi = {10.3847/1538-4357/aa947b},
archivePrefix = {arXiv},
       eprint = {1706.10286},
 primaryClass = {astro-ph.CO},
       adsurl = {https://ui.adsabs.harvard.edu/abs/2017ApJ...850..101A},
      adsnote = {Provided by the SAO/NASA Astrophysics Data System}
}

@ARTICLE{DES_project,
       author = {{The Dark Energy Survey Collaboration}},
        title = "{The Dark Energy Survey}",
      journal = {arXiv e-prints},
     keywords = {Astrophysics},
         year = 2005,
        month = oct,
          eid = {astro-ph/0510346},
        pages = {astro-ph/0510346},
archivePrefix = {arXiv},
       eprint = {astro-ph/0510346},
 primaryClass = {astro-ph},
       adsurl = {https://ui.adsabs.harvard.edu/abs/2005astro.ph.10346T},
      adsnote = {Provided by the SAO/NASA Astrophysics Data System}
}

@ARTICLE{KiDS_project,
       author = {{de Jong}, Jelte T.~A. and {Verdoes Kleijn}, Gijs A. and {Kuijken}, Konrad H. and {Valentijn}, Edwin A.},
        title = "{The Kilo-Degree Survey}",
      journal = {Experimental Astronomy},
     keywords = {Wide-field imaging, Survey system, VLT/VST, Weak gravitational lensing, Photometric redshifts, Astrophysics - Cosmology and Nongalactic Astrophysics, Astrophysics - Instrumentation and Methods for Astrophysics},
         year = 2013,
        month = jan,
       volume = {35},
       number = {1-2},
        pages = {25-44},
          doi = {10.1007/s10686-012-9306-1},
archivePrefix = {arXiv},
       eprint = {1206.1254},
 primaryClass = {astro-ph.CO},
       adsurl = {https://ui.adsabs.harvard.edu/abs/2013ExA....35...25D},
      adsnote = {Provided by the SAO/NASA Astrophysics Data System}
}

@ARTICLE{Kilbinger_2015,
       author = {{Kilbinger}, Martin},
        title = "{Cosmology with cosmic shear observations: a review}",
      journal = {Reports on Progress in Physics},
     keywords = {Astrophysics - Cosmology and Nongalactic Astrophysics},
         year = 2015,
        month = jul,
       volume = {78},
       number = {8},
          eid = {086901},
        pages = {086901},
          doi = {10.1088/0034-4885/78/8/086901},
archivePrefix = {arXiv},
       eprint = {1411.0115},
 primaryClass = {astro-ph.CO},
       adsurl = {https://ui.adsabs.harvard.edu/abs/2015RPPh...78h6901K},
      adsnote = {Provided by the SAO/NASA Astrophysics Data System}
}

@ARTICLE{KiDS_450_cosmic_shear,
       author = {{Hildebrandt}, H. and {Viola}, M. and {Heymans}, C. and {Joudaki}, S. and {Kuijken}, K. and {Blake}, C. and {Erben}, T. and {Joachimi}, B. and {Klaes}, D. and {Miller}, L. and {Morrison}, C.~B. and {Nakajima}, R. and {Verdoes Kleijn}, G. and {Amon}, A. and {Choi}, A. and {Covone}, G. and {de Jong}, J.~T.~A. and {Dvornik}, A. and {Fenech Conti}, I. and {Grado}, A. and {Harnois-D{\'e}raps}, J. and {Herbonnet}, R. and {Hoekstra}, H. and {K{\"o}hlinger}, F. and {McFarland}, J. and {Mead}, A. and {Merten}, J. and {Napolitano}, N. and {Peacock}, J.~A. and {Radovich}, M. and {Schneider}, P. and {Simon}, P. and {Valentijn}, E.~A. and {van den Busch}, J.~L. and {van Uitert}, E. and {Van Waerbeke}, L.},
        title = "{KiDS-450: cosmological parameter constraints from tomographic weak gravitational lensing}",
      journal = {\mnras},
     keywords = {gravitational lensing: weak, surveys, galaxies: photometry, cosmology: observations, Astrophysics - Cosmology and Nongalactic Astrophysics},
         year = 2017,
        month = feb,
       volume = {465},
       number = {2},
        pages = {1454-1498},
          doi = {10.1093/mnras/stw2805},
archivePrefix = {arXiv},
       eprint = {1606.05338},
 primaryClass = {astro-ph.CO},
       adsurl = {https://ui.adsabs.harvard.edu/abs/2017MNRAS.465.1454H},
      adsnote = {Provided by the SAO/NASA Astrophysics Data System}
}

@ARTICLE{KV450,
       author = {{Hildebrandt}, H. and {K{\"o}hlinger}, F. and {van den Busch}, J.~L. and {Joachimi}, B. and {Heymans}, C. and {Kannawadi}, A. and {Wright}, A.~H. and {Asgari}, M. and {Blake}, C. and {Hoekstra}, H. and {Joudaki}, S. and {Kuijken}, K. and {Miller}, L. and {Morrison}, C.~B. and {Tr{\"o}ster}, T. and {Amon}, A. and {Archidiacono}, M. and {Brieden}, S. and {Choi}, A. and {de Jong}, J.~T.~A. and {Erben}, T. and {Giblin}, B. and {Mead}, A. and {Peacock}, J.~A. and {Radovich}, M. and {Schneider}, P. and {Sif{\'o}n}, C. and {Tewes}, M.},
        title = "{KiDS+VIKING-450: Cosmic shear tomography with optical and infrared data}",
      journal = {\aap},
     keywords = {cosmology: observations, gravitational lensing: weak, galaxies: photometry, surveys, Astrophysics - Cosmology and Nongalactic Astrophysics},
         year = 2020,
        month = jan,
       volume = {633},
          eid = {A69},
        pages = {A69},
          doi = {10.1051/0004-6361/201834878},
archivePrefix = {arXiv},
       eprint = {1812.06076},
 primaryClass = {astro-ph.CO},
       adsurl = {https://ui.adsabs.harvard.edu/abs/2020A&A...633A..69H},
      adsnote = {Provided by the SAO/NASA Astrophysics Data System}
}

@ARTICLE{KiDS_1000_cosmic_shear,
       author = {{Asgari}, Marika and {Lin}, Chieh-An and {Joachimi}, Benjamin and {Giblin}, Benjamin and {Heymans}, Catherine and {Hildebrandt}, Hendrik and {Kannawadi}, Arun and {St{\"o}lzner}, Benjamin and {Tr{\"o}ster}, Tilman and {van den Busch}, Jan Luca and {Wright}, Angus H. and {Bilicki}, Maciej and {Blake}, Chris and {de Jong}, Jelte and {Dvornik}, Andrej and {Erben}, Thomas and {Getman}, Fedor and {Hoekstra}, Henk and {K{\"o}hlinger}, Fabian and {Kuijken}, Konrad and {Miller}, Lance and {Radovich}, Mario and {Schneider}, Peter and {Shan}, HuanYuan and {Valentijn}, Edwin},
        title = "{KiDS-1000 cosmology: Cosmic shear constraints and comparison between two point statistics}",
      journal = {\aap},
     keywords = {gravitational lensing: weak, methods: observational, cosmology: observations, large-scale structure of Universe, cosmological parameters, Astrophysics - Cosmology and Nongalactic Astrophysics},
         year = 2021,
        month = jan,
       volume = {645},
          eid = {A104},
        pages = {A104},
          doi = {10.1051/0004-6361/202039070},
archivePrefix = {arXiv},
       eprint = {2007.15633},
 primaryClass = {astro-ph.CO},
       adsurl = {https://ui.adsabs.harvard.edu/abs/2021A&A...645A.104A},
      adsnote = {Provided by the SAO/NASA Astrophysics Data System}
}


@ARTICLE{Hikage_2019,
       author = {{Hikage}, Chiaki and {Oguri}, Masamune and {Hamana}, Takashi and {More}, Surhud and {Mandelbaum}, Rachel and {Takada}, Masahiro and {K{\"o}hlinger}, Fabian and {Miyatake}, Hironao and {Nishizawa}, Atsushi J. and {Aihara}, Hiroaki and {Armstrong}, Robert and {Bosch}, James and {Coupon}, Jean and {Ducout}, Anne and {Ho}, Paul and {Hsieh}, Bau-Ching and {Komiyama}, Yutaka and {Lanusse}, Fran{\c{c}}ois and {Leauthaud}, Alexie and {Lupton}, Robert H. and {Medezinski}, Elinor and {Mineo}, Sogo and {Miyama}, Shoken and {Miyazaki}, Satoshi and {Murata}, Ryoma and {Murayama}, Hitoshi and {Shirasaki}, Masato and {Sif{\'o}n}, Crist{\'o}bal and {Simet}, Melanie and {Speagle}, Joshua and {Spergel}, David N. and {Strauss}, Michael A. and {Sugiyama}, Naoshi and {Tanaka}, Masayuki and {Utsumi}, Yousuke and {Wang}, Shiang-Yu and {Yamada}, Yoshihiko},
        title = "{Cosmology from cosmic shear power spectra with Subaru Hyper Suprime-Cam first-year data}",
      journal = {\pasj},
     keywords = {dark matter, gravitational lensing: weak, large-scale structure of universe, Astrophysics - Cosmology and Nongalactic Astrophysics},
         year = 2019,
        month = apr,
       volume = {71},
       number = {2},
          eid = {43},
        pages = {43},
          doi = {10.1093/pasj/psz010},
archivePrefix = {arXiv},
       eprint = {1809.09148},
 primaryClass = {astro-ph.CO},
       adsurl = {https://ui.adsabs.harvard.edu/abs/2019PASJ...71...43H},
      adsnote = {Provided by the SAO/NASA Astrophysics Data System}
}

@ARTICLE{ACT_WMAP_2020,
       author = {{Aiola}, Simone and {Calabrese}, Erminia and {Maurin}, Lo{\"\i}c and {Naess}, Sigurd and {Schmitt}, Benjamin L. and {Abitbol}, Maximilian H. and {Addison}, Graeme E. and {Ade}, Peter A.~R. and {Alonso}, David and {Amiri}, Mandana and {Amodeo}, Stefania and {Angile}, Elio and {Austermann}, Jason E. and {Baildon}, Taylor and {Battaglia}, Nick and {Beall}, James A. and {Bean}, Rachel and {Becker}, Daniel T. and {Bond}, J. Richard and {Bruno}, Sarah Marie and {Calafut}, Victoria and {Campusano}, Luis E. and {Carrero}, Felipe and {Chesmore}, Grace E. and {Cho}, Hsiao-mei and {Choi}, Steve K. and {Clark}, Susan E. and {Cothard}, Nicholas F. and {Crichton}, Devin and {Crowley}, Kevin T. and {Darwish}, Omar and {Datta}, Rahul and {Denison}, Edward V. and {Devlin}, Mark J. and {Duell}, Cody J. and {Duff}, Shannon M. and {Duivenvoorden}, Adriaan J. and {Dunkley}, Jo and {D{\"u}nner}, Rolando and {Essinger-Hileman}, Thomas and {Fankhanel}, Max and {Ferraro}, Simone and {Fox}, Anna E. and {Fuzia}, Brittany and {Gallardo}, Patricio A. and {Gluscevic}, Vera and {Golec}, Joseph E. and {Grace}, Emily and {Gralla}, Megan and {Guan}, Yilun and {Hall}, Kirsten and {Halpern}, Mark and {Han}, Dongwon and {Hargrave}, Peter and {Hasselfield}, Matthew and {Helton}, Jakob M. and {Henderson}, Shawn and {Hensley}, Brandon and {Hill}, J. Colin and {Hilton}, Gene C. and {Hilton}, Matt and {Hincks}, Adam D. and {Hlo{\v{z}}ek}, Ren{\'e}e and {Ho}, Shuay-Pwu Patty and {Hubmayr}, Johannes and {Huffenberger}, Kevin M. and {Hughes}, John P. and {Infante}, Leopoldo and {Irwin}, Kent and {Jackson}, Rebecca and {Klein}, Jeff and {Knowles}, Kenda and {Koopman}, Brian and {Kosowsky}, Arthur and {Lakey}, Vincent and {Li}, Dale and {Li}, Yaqiong and {Li}, Zack and {Lokken}, Martine and {Louis}, Thibaut and {Lungu}, Marius and {MacInnis}, Amanda and {Madhavacheril}, Mathew and {Maldonado}, Felipe and {Mallaby-Kay}, Maya and {Marsden}, Danica and {McMahon}, Jeff and {Menanteau}, Felipe and {Moodley}, Kavilan and {Morton}, Tim and {Namikawa}, Toshiya and {Nati}, Federico and {Newburgh}, Laura and {Nibarger}, John P. and {Nicola}, Andrina and {Niemack}, Michael D. and {Nolta}, Michael R. and {Orlowski-Sherer}, John and {Page}, Lyman A. and {Pappas}, Christine G. and {Partridge}, Bruce and {Phakathi}, Phumlani and {Pisano}, Giampaolo and {Prince}, Heather and {Puddu}, Roberto and {Qu}, Frank J. and {Rivera}, Jesus and {Robertson}, Naomi and {Rojas}, Felipe and {Salatino}, Maria and {Schaan}, Emmanuel and {Schillaci}, Alessandro and {Sehgal}, Neelima and {Sherwin}, Blake D. and {Sierra}, Carlos and {Sievers}, Jon and {Sifon}, Cristobal and {Sikhosana}, Precious and {Simon}, Sara and {Spergel}, David N. and {Staggs}, Suzanne T. and {Stevens}, Jason and {Storer}, Emilie and {Sunder}, Dhaneshwar D. and {Switzer}, Eric R. and {Thorne}, Ben and {Thornton}, Robert and {Trac}, Hy and {Treu}, Jesse and {Tucker}, Carole and {Vale}, Leila R. and {Van Engelen}, Alexander and {Van Lanen}, Jeff and {Vavagiakis}, Eve M. and {Wagoner}, Kasey and {Wang}, Yuhan and {Ward}, Jonathan T. and {Wollack}, Edward J. and {Xu}, Zhilei and {Zago}, Fernando and {Zhu}, Ningfeng},
        title = "{The Atacama Cosmology Telescope: DR4 maps and cosmological parameters}",
      journal = {\jcap},
     keywords = {Astrophysics - Cosmology and Nongalactic Astrophysics},
         year = 2020,
        month = dec,
       volume = {2020},
       number = {12},
          eid = {047},
        pages = {047},
          doi = {10.1088/1475-7516/2020/12/047},
archivePrefix = {arXiv},
       eprint = {2007.07288},
 primaryClass = {astro-ph.CO},
       adsurl = {https://ui.adsabs.harvard.edu/abs/2020JCAP...12..047A},
      adsnote = {Provided by the SAO/NASA Astrophysics Data System}
}

@ARTICLE{Mandelbaum_2018,
       author = {{Mandelbaum}, Rachel},
        title = "{Weak Lensing for Precision Cosmology}",
      journal = {\araa},
     keywords = {Astrophysics - Cosmology and Nongalactic Astrophysics},
         year = 2018,
        month = sep,
       volume = {56},
        pages = {393-433},
          doi = {10.1146/annurev-astro-081817-051928},
archivePrefix = {arXiv},
       eprint = {1710.03235},
 primaryClass = {astro-ph.CO},
       adsurl = {https://ui.adsabs.harvard.edu/abs/2018ARA&A..56..393M},
      adsnote = {Provided by the SAO/NASA Astrophysics Data System}
}

@ARTICLE{SPT_POL_Lensing_2020,
       author = {{Bianchini}, F. and {Wu}, W.~L.~K. and {Ade}, P.~A.~R. and {Anderson}, A.~J. and {Austermann}, J.~E. and {Avva}, J.~S. and {Beall}, J.~A. and {Bender}, A.~N. and {Benson}, B.~A. and {Bleem}, L.~E. and {Carlstrom}, J.~E. and {Chang}, C.~L. and {Chaubal}, P. and {Chiang}, H.~C. and {Citron}, R. and {Moran}, C. Corbett and {Crawford}, T.~M. and {Crites}, A.~T. and {de Haan}, T. and {Dobbs}, M.~A. and {Everett}, W. and {Gallicchio}, J. and {George}, E.~M. and {Gilbert}, A. and {Gupta}, N. and {Halverson}, N.~W. and {Harrington}, N. and {Henning}, J.~W. and {Hilton}, G.~C. and {Holder}, G.~P. and {Holzapfel}, W.~L. and {Hrubes}, J.~D. and {Huang}, N. and {Hubmayr}, J. and {Irwin}, K.~D. and {Knox}, L. and {Lee}, A.~T. and {Li}, D. and {Lowitz}, A. and {Manzotti}, A. and {McMahon}, J.~J. and {Meyer}, S.~S. and {Millea}, M. and {Mocanu}, L.~M. and {Montgomery}, J. and {Nadolski}, A. and {Natoli}, T. and {Nibarger}, J.~P. and {Noble}, G. and {Novosad}, V. and {Omori}, Y. and {Padin}, S. and {Patil}, S. and {Pryke}, C. and {Reichardt}, C.~L. and {Ruhl}, J.~E. and {Saliwanchik}, B.~R. and {Sayre}, J.~T. and {Schaffer}, K.~K. and {Sievers}, C. and {Simard}, G. and {Smecher}, G. and {Stark}, A.~A. and {Story}, K.~T. and {Tucker}, C. and {Vanderlinde}, K. and {Veach}, T. and {Vieira}, J.~D. and {Wang}, G. and {Whitehorn}, N. and {Yefremenko}, V.},
        title = "{Constraints on Cosmological Parameters from the 500 deg$^{2}$ SPTPOL Lensing Power Spectrum}",
      journal = {\apj},
     keywords = {339, 1797, 322, Astrophysics - Cosmology and Nongalactic Astrophysics},
         year = 2020,
        month = jan,
       volume = {888},
       number = {2},
          eid = {119},
        pages = {119},
          doi = {10.3847/1538-4357/ab6082},
archivePrefix = {arXiv},
       eprint = {1910.07157},
 primaryClass = {astro-ph.CO},
       adsurl = {https://ui.adsabs.harvard.edu/abs/2020ApJ...888..119B},
      adsnote = {Provided by the SAO/NASA Astrophysics Data System}
}

@ARTICLE{Planck_2018_wl,
       author = {{Planck Collaboration} and {Aghanim}, N. and {Akrami}, Y. and {Ashdown}, M. and {Aumont}, J. and {Baccigalupi}, C. and {Ballardini}, M. and {Banday}, A.~J. and {Barreiro}, R.~B. and {Bartolo}, N. and {Basak}, S. and {Benabed}, K. and {Bernard}, J. -P. and {Bersanelli}, M. and {Bielewicz}, P. and {Bock}, J.~J. and {Bond}, J.~R. and {Borrill}, J. and {Bouchet}, F.~R. and {Boulanger}, F. and {Bucher}, M. and {Burigana}, C. and {Calabrese}, E. and {Cardoso}, J. -F. and {Carron}, J. and {Challinor}, A. and {Chiang}, H.~C. and {Colombo}, L.~P.~L. and {Combet}, C. and {Crill}, B.~P. and {Cuttaia}, F. and {de Bernardis}, P. and {de Zotti}, G. and {Delabrouille}, J. and {Di Valentino}, E. and {Diego}, J.~M. and {Dor{\'e}}, O. and {Douspis}, M. and {Ducout}, A. and {Dupac}, X. and {Efstathiou}, G. and {Elsner}, F. and {En{\ss}lin}, T.~A. and {Eriksen}, H.~K. and {Fantaye}, Y. and {Fernandez-Cobos}, R. and {Finelli}, F. and {Forastieri}, F. and {Frailis}, M. and {Fraisse}, A.~A. and {Franceschi}, E. and {Frolov}, A. and {Galeotta}, S. and {Galli}, S. and {Ganga}, K. and {G{\'e}nova-Santos}, R.~T. and {Gerbino}, M. and {Ghosh}, T. and {Gonz{\'a}lez-Nuevo}, J. and {G{\'o}rski}, K.~M. and {Gratton}, S. and {Gruppuso}, A. and {Gudmundsson}, J.~E. and {Hamann}, J. and {Handley}, W. and {Hansen}, F.~K. and {Herranz}, D. and {Hivon}, E. and {Huang}, Z. and {Jaffe}, A.~H. and {Jones}, W.~C. and {Karakci}, A. and {Keih{\"a}nen}, E. and {Keskitalo}, R. and {Kiiveri}, K. and {Kim}, J. and {Knox}, L. and {Krachmalnicoff}, N. and {Kunz}, M. and {Kurki-Suonio}, H. and {Lagache}, G. and {Lamarre}, J. -M. and {Lasenby}, A. and {Lattanzi}, M. and {Lawrence}, C.~R. and {Le Jeune}, M. and {Levrier}, F. and {Lewis}, A. and {Liguori}, M. and {Lilje}, P.~B. and {Lindholm}, V. and {L{\'o}pez-Caniego}, M. and {Lubin}, P.~M. and {Ma}, Y. -Z. and {Mac{\'\i}as-P{\'e}rez}, J.~F. and {Maggio}, G. and {Maino}, D. and {Mandolesi}, N. and {Mangilli}, A. and {Marcos-Caballero}, A. and {Maris}, M. and {Martin}, P.~G. and {Mart{\'\i}nez-Gonz{\'a}lez}, E. and {Matarrese}, S. and {Mauri}, N. and {McEwen}, J.~D. and {Melchiorri}, A. and {Mennella}, A. and {Migliaccio}, M. and {Miville-Desch{\^e}nes}, M. -A. and {Molinari}, D. and {Moneti}, A. and {Montier}, L. and {Morgante}, G. and {Moss}, A. and {Natoli}, P. and {Pagano}, L. and {Paoletti}, D. and {Partridge}, B. and {Patanchon}, G. and {Perrotta}, F. and {Pettorino}, V. and {Piacentini}, F. and {Polastri}, L. and {Polenta}, G. and {Puget}, J. -L. and {Rachen}, J.~P. and {Reinecke}, M. and {Remazeilles}, M. and {Renzi}, A. and {Rocha}, G. and {Rosset}, C. and {Roudier}, G. and {Rubi{\~n}o-Mart{\'\i}n}, J.~A. and {Ruiz-Granados}, B. and {Salvati}, L. and {Sandri}, M. and {Savelainen}, M. and {Scott}, D. and {Sirignano}, C. and {Sunyaev}, R. and {Suur-Uski}, A. -S. and {Tauber}, J.~A. and {Tavagnacco}, D. and {Tenti}, M. and {Toffolatti}, L. and {Tomasi}, M. and {Trombetti}, T. and {Valiviita}, J. and {Van Tent}, B. and {Vielva}, P. and {Villa}, F. and {Vittorio}, N. and {Wandelt}, B.~D. and {Wehus}, I.~K. and {White}, M. and {White}, S.~D.~M. and {Zacchei}, A. and {Zonca}, A.},
        title = "{Planck 2018 results. VIII. Gravitational lensing}",
      journal = {\aap},
     keywords = {gravitational lensing: weak, cosmological parameters, cosmic background radiation, large-scale structure of Universe, cosmology: observations, Astrophysics - Cosmology and Nongalactic Astrophysics},
         year = 2020,
        month = sep,
       volume = {641},
          eid = {A8},
        pages = {A8},
          doi = {10.1051/0004-6361/201833886},
archivePrefix = {arXiv},
       eprint = {1807.06210},
 primaryClass = {astro-ph.CO},
       adsurl = {https://ui.adsabs.harvard.edu/abs/2020A&A...641A...8P},
      adsnote = {Provided by the SAO/NASA Astrophysics Data System}
}

@ARTICLE{Desjacques_2018,
       author = {{Desjacques}, Vincent and {Jeong}, Donghui and {Schmidt}, Fabian},
        title = "{Large-scale galaxy bias}",
      journal = {\physrep},
     keywords = {Cosmology, Dark matter, Galaxy bias, Galaxy clustering, Large-scale structure, Primordial non-Gaussianity, Astrophysics - Cosmology and Nongalactic Astrophysics, Astrophysics - Astrophysics of Galaxies, General Relativity and Quantum Cosmology, High Energy Physics - Phenomenology},
         year = 2018,
        month = feb,
       volume = {733},
        pages = {1-193},
          doi = {10.1016/j.physrep.2017.12.002},
archivePrefix = {arXiv},
       eprint = {1611.09787},
 primaryClass = {astro-ph.CO},
       adsurl = {https://ui.adsabs.harvard.edu/abs/2018PhR...733....1D},
      adsnote = {Provided by the SAO/NASA Astrophysics Data System}
}

@ARTICLE{BOSS_Overview,
       author = {{Dawson}, Kyle S. and {Schlegel}, David J. and {Ahn}, Christopher P. and {Anderson}, Scott F. and {Aubourg}, {\'E}ric and {Bailey}, Stephen and {Barkhouser}, Robert H. and {Bautista}, Julian E. and {Beifiori}, Alessandra and {Berlind}, Andreas A. and {Bhardwaj}, Vaishali and {Bizyaev}, Dmitry and {Blake}, Cullen H. and {Blanton}, Michael R. and {Blomqvist}, Michael and {Bolton}, Adam S. and {Borde}, Arnaud and {Bovy}, Jo and {Brandt}, W.~N. and {Brewington}, Howard and {Brinkmann}, Jon and {Brown}, Peter J. and {Brownstein}, Joel R. and {Bundy}, Kevin and {Busca}, N.~G. and {Carithers}, William and {Carnero}, Aurelio R. and {Carr}, Michael A. and {Chen}, Yanmei and {Comparat}, Johan and {Connolly}, Natalia and {Cope}, Frances and {Croft}, Rupert A.~C. and {Cuesta}, Antonio J. and {da Costa}, Luiz N. and {Davenport}, James R.~A. and {Delubac}, Timoth{\'e}e and {de Putter}, Roland and {Dhital}, Saurav and {Ealet}, Anne and {Ebelke}, Garrett L. and {Eisenstein}, Daniel J. and {Escoffier}, S. and {Fan}, Xiaohui and {Filiz Ak}, N. and {Finley}, Hayley and {Font-Ribera}, Andreu and {G{\'e}nova-Santos}, R. and {Gunn}, James E. and {Guo}, Hong and {Haggard}, Daryl and {Hall}, Patrick B. and {Hamilton}, Jean-Christophe and {Harris}, Ben and {Harris}, David W. and {Ho}, Shirley and {Hogg}, David W. and {Holder}, Diana and {Honscheid}, Klaus and {Huehnerhoff}, Joe and {Jordan}, Beatrice and {Jordan}, Wendell P. and {Kauffmann}, Guinevere and {Kazin}, Eyal A. and {Kirkby}, David and {Klaene}, Mark A. and {Kneib}, Jean-Paul and {Le Goff}, Jean-Marc and {Lee}, Khee-Gan and {Long}, Daniel C. and {Loomis}, Craig P. and {Lundgren}, Britt and {Lupton}, Robert H. and {Maia}, Marcio A.~G. and {Makler}, Martin and {Malanushenko}, Elena and {Malanushenko}, Viktor and {Mandelbaum}, Rachel and {Manera}, Marc and {Maraston}, Claudia and {Margala}, Daniel and {Masters}, Karen L. and {McBride}, Cameron K. and {McDonald}, Patrick and {McGreer}, Ian D. and {McMahon}, Richard G. and {Mena}, Olga and {Miralda-Escud{\'e}}, Jordi and {Montero-Dorta}, Antonio D. and {Montesano}, Francesco and {Muna}, Demitri and {Myers}, Adam D. and {Naugle}, Tracy and {Nichol}, Robert C. and {Noterdaeme}, Pasquier and {Nuza}, Sebasti{\'a}n E. and {Olmstead}, Matthew D. and {Oravetz}, Audrey and {Oravetz}, Daniel J. and {Owen}, Russell and {Padmanabhan}, Nikhil and {Palanque-Delabrouille}, Nathalie and {Pan}, Kaike and {Parejko}, John K. and {P{\^a}ris}, Isabelle and {Percival}, Will J. and {P{\'e}rez-Fournon}, Ismael and {P{\'e}rez-R{\`a}fols}, Ignasi and {Petitjean}, Patrick and {Pfaffenberger}, Robert and {Pforr}, Janine and {Pieri}, Matthew M. and {Prada}, Francisco and {Price-Whelan}, Adrian M. and {Raddick}, M. Jordan and {Rebolo}, Rafael and {Rich}, James and {Richards}, Gordon T. and {Rockosi}, Constance M. and {Roe}, Natalie A. and {Ross}, Ashley J. and {Ross}, Nicholas P. and {Rossi}, Graziano and {Rubi{\~n}o-Martin}, J.~A. and {Samushia}, Lado and {S{\'a}nchez}, Ariel G. and {Sayres}, Conor and {Schmidt}, Sarah J. and {Schneider}, Donald P. and {Sc{\'o}ccola}, C.~G. and {Seo}, Hee-Jong and {Shelden}, Alaina and {Sheldon}, Erin and {Shen}, Yue and {Shu}, Yiping and {Slosar}, An{\v{z}}e and {Smee}, Stephen A. and {Snedden}, Stephanie A. and {Stauffer}, Fritz and {Steele}, Oliver and {Strauss}, Michael A. and {Streblyanska}, Alina and {Suzuki}, Nao and {Swanson}, Molly E.~C. and {Tal}, Tomer and {Tanaka}, Masayuki and {Thomas}, Daniel and {Tinker}, Jeremy L. and {Tojeiro}, Rita and {Tremonti}, Christy A. and {Vargas Maga{\~n}a}, M. and {Verde}, Licia and {Viel}, Matteo and {Wake}, David A. and {Watson}, Mike and {Weaver}, Benjamin A. and {Weinberg}, David H. and {Weiner}, Benjamin J. and {West}, Andrew A. and {White}, Martin and {Wood-Vasey}, W.~M. and {Yeche}, Christophe and {Zehavi}, Idit and {Zhao}, Gong-Bo and {Zheng}, Zheng},
        title = "{The Baryon Oscillation Spectroscopic Survey of SDSS-III}",
      journal = {\aj},
     keywords = {cosmology: observations, surveys, Astrophysics - Cosmology and Nongalactic Astrophysics},
         year = 2013,
        month = jan,
       volume = {145},
       number = {1},
          eid = {10},
        pages = {10},
          doi = {10.1088/0004-6256/145/1/10},
archivePrefix = {arXiv},
       eprint = {1208.0022},
 primaryClass = {astro-ph.CO},
       adsurl = {https://ui.adsabs.harvard.edu/abs/2013AJ....145...10D},
      adsnote = {Provided by the SAO/NASA Astrophysics Data System}
}

@INCOLLECTION{Bassett_2010,
       author = {{Bassett}, Bruce and {Hlozek}, Ren{\'e}e},
        title = "{Baryon acoustic oscillations}",
     keywords = {Astrophysics - Cosmology and Extragalactic Astrophysics, General Relativity and Quantum Cosmology, High Energy Physics - Experiment, High Energy Physics - Phenomenology},
    booktitle = {Dark Energy: Observational and Theoretical Approaches},
         year = 2010,
       editor = {{Ruiz-Lapuente}, Pilar},
        pages = {246},
       adsurl = {https://ui.adsabs.harvard.edu/abs/2010deot.book..246B},
      adsnote = {Provided by the SAO/NASA Astrophysics Data System}
}

@incollection{DODELSON2021157,
title = {7 - Initial conditions},
editor = {Scott Dodelson and Fabian Schmidt},
booktitle = {Modern Cosmology (Second Edition)},
publisher = {Academic Press},
edition = {Second Edition},
pages = {157-194},
year = {2021},
isbn = {978-0-12-815948-4},
doi = {https://doi.org/10.1016/B978-0-12-815948-4.00013-9},
url = {https://www.sciencedirect.com/science/article/pii/B9780128159484000139},
author = {Scott Dodelson and Fabian Schmidt},
keywords = {inflation, horizon problem, primordial perturbations, curvature perturbations, gravitational waves, spectral index, slow-roll parameters}
}
@incollection{2021465,
title = {B - Numbers},
editor = {Scott Dodelson and Fabian Schmidt},
booktitle = {Modern Cosmology (Second Edition)},
publisher = {Academic Press},
edition = {Second Edition},
pages = {465-466},
year = {2021},
isbn = {978-0-12-815948-4},
doi = {https://doi.org/10.1016/B978-0-12-815948-4.00022-X},
url = {https://www.sciencedirect.com/science/article/pii/B978012815948400022X}
}
@incollection{2021433,
title = {A - Solutions to selected exercises},
editor = {Scott Dodelson and Fabian Schmidt},
booktitle = {Modern Cosmology (Second Edition)},
publisher = {Academic Press},
edition = {Second Edition},
pages = {433-464},
year = {2021},
isbn = {978-0-12-815948-4},
doi = {https://doi.org/10.1016/B978-0-12-815948-4.00021-8},
url = {https://www.sciencedirect.com/science/article/pii/B9780128159484000218}
}
@incollection{DODELSON2021xv,
title = {Preface},
editor = {Scott Dodelson and Fabian Schmidt},
booktitle = {Modern Cosmology (Second Edition)},
publisher = {Academic Press},
edition = {Second Edition},
pages = {xv-xvi},
year = {2021},
isbn = {978-0-12-815948-4},
doi = {https://doi.org/10.1016/B978-0-12-815948-4.00006-1},
url = {https://www.sciencedirect.com/science/article/pii/B9780128159484000061},
author = {Scott Dodelson and Fabian Schmidt}
}
@incollection{DODELSON202121,
title = {2 - The expanding universe},
editor = {Scott Dodelson and Fabian Schmidt},
booktitle = {Modern Cosmology (Second Edition)},
publisher = {Academic Press},
edition = {Second Edition},
pages = {21-55},
year = {2021},
isbn = {978-0-12-815948-4},
doi = {https://doi.org/10.1016/B978-0-12-815948-4.00008-5},
url = {https://www.sciencedirect.com/science/article/pii/B9780128159484000085},
author = {Scott Dodelson and Fabian Schmidt},
keywords = {FLRW metric, expansion, geodesic equation, distances, equilibrium, distribution function, neutrinos, dark matter, dark energy}
}
@incollection{DODELSON2021195,
title = {8 - Growth of structure: linear theory},
editor = {Scott Dodelson and Fabian Schmidt},
booktitle = {Modern Cosmology (Second Edition)},
publisher = {Academic Press},
edition = {Second Edition},
pages = {195-229},
year = {2021},
isbn = {978-0-12-815948-4},
doi = {https://doi.org/10.1016/B978-0-12-815948-4.00014-0},
url = {https://www.sciencedirect.com/science/article/pii/B9780128159484000140},
author = {Scott Dodelson and Fabian Schmidt},
keywords = {growth of structure, dark matter perturbations, matter power spectrum, transfer function, growth factor, baryons, massive neutrinos, dark energy}
}
@incollection{DODELSON2021271,
title = {10 - The polarized CMB},
editor = {Scott Dodelson and Fabian Schmidt},
booktitle = {Modern Cosmology (Second Edition)},
publisher = {Academic Press},
edition = {Second Edition},
pages = {271-293},
year = {2021},
isbn = {978-0-12-815948-4},
doi = {https://doi.org/10.1016/B978-0-12-815948-4.00016-4},
url = {https://www.sciencedirect.com/science/article/pii/B9780128159484000164},
author = {Scott Dodelson and Fabian Schmidt},
keywords = {CMB polarization, E-mode, B-mode, Compton scattering, reionization, gravitational waves}
}
@incollection{DODELSON2021373,
title = {13 - Probes of structure: lensing},
editor = {Scott Dodelson and Fabian Schmidt},
booktitle = {Modern Cosmology (Second Edition)},
publisher = {Academic Press},
edition = {Second Edition},
pages = {373-399},
year = {2021},
isbn = {978-0-12-815948-4},
doi = {https://doi.org/10.1016/B978-0-12-815948-4.00019-X},
url = {https://www.sciencedirect.com/science/article/pii/B978012815948400019X},
author = {Scott Dodelson and Fabian Schmidt},
keywords = {gravitational lensing, weak lensing, CMB lensing, galaxy shape correlations, shear, galaxy-galaxy lensing}
}
@incollection{DODELSON2021325,
title = {12 - Growth of structure: beyond linear theory},
editor = {Scott Dodelson and Fabian Schmidt},
booktitle = {Modern Cosmology (Second Edition)},
publisher = {Academic Press},
edition = {Second Edition},
pages = {325-372},
year = {2021},
isbn = {978-0-12-815948-4},
doi = {https://doi.org/10.1016/B978-0-12-815948-4.00018-8},
url = {https://www.sciencedirect.com/science/article/pii/B9780128159484000188},
author = {Scott Dodelson and Fabian Schmidt},
keywords = {large-scale structure, perturbation theory, simulations, dark matter halos, galaxy clusters, halo model, galaxy clustering, bias}
}
@incollection{2021473,
title = {D - Symbols},
editor = {Scott Dodelson and Fabian Schmidt},
booktitle = {Modern Cosmology (Second Edition)},
publisher = {Academic Press},
edition = {Second Edition},
pages = {473-476},
year = {2021},
isbn = {978-0-12-815948-4},
doi = {https://doi.org/10.1016/B978-0-12-815948-4.00024-3},
url = {https://www.sciencedirect.com/science/article/pii/B9780128159484000243}
}
@incollection{2021i,
title = {Front Matter},
editor = {Scott Dodelson and Fabian Schmidt},
booktitle = {Modern Cosmology (Second Edition)},
publisher = {Academic Press},
edition = {Second Edition},
pages = {i-iii},
year = {2021},
isbn = {978-0-12-815948-4},
doi = {https://doi.org/10.1016/B978-0-12-815948-4.00002-4},
url = {https://www.sciencedirect.com/science/article/pii/B9780128159484000024}
}
@incollection{2021xiii,
title = {About the authors},
editor = {Scott Dodelson and Fabian Schmidt},
booktitle = {Modern Cosmology (Second Edition)},
publisher = {Academic Press},
edition = {Second Edition},
pages = {xiii},
year = {2021},
isbn = {978-0-12-815948-4},
doi = {https://doi.org/10.1016/B978-0-12-815948-4.00005-X},
url = {https://www.sciencedirect.com/science/article/pii/B978012815948400005X}
}
@incollection{2021483,
title = {Index},
editor = {Scott Dodelson and Fabian Schmidt},
booktitle = {Modern Cosmology (Second Edition)},
publisher = {Academic Press},
edition = {Second Edition},
pages = {483-494},
year = {2021},
isbn = {978-0-12-815948-4},
doi = {https://doi.org/10.1016/B978-0-12-815948-4.00026-7},
url = {https://www.sciencedirect.com/science/article/pii/B9780128159484000267}
}
@incollection{2021v,
title = {Contents},
editor = {Scott Dodelson and Fabian Schmidt},
booktitle = {Modern Cosmology (Second Edition)},
publisher = {Academic Press},
edition = {Second Edition},
pages = {v-xii},
year = {2021},
isbn = {978-0-12-815948-4},
doi = {https://doi.org/10.1016/B978-0-12-815948-4.00004-8},
url = {https://www.sciencedirect.com/science/article/pii/B9780128159484000048}
}
@incollection{DODELSON202185,
title = {4 - The origin of species},
editor = {Scott Dodelson and Fabian Schmidt},
booktitle = {Modern Cosmology (Second Edition)},
publisher = {Academic Press},
edition = {Second Edition},
pages = {85-109},
year = {2021},
isbn = {978-0-12-815948-4},
doi = {https://doi.org/10.1016/B978-0-12-815948-4.00010-3},
url = {https://www.sciencedirect.com/science/article/pii/B9780128159484000103},
author = {Scott Dodelson and Fabian Schmidt},
keywords = {Big Bang nucleosynthesis, recombination, freeze-out, dark matter, WIMP, deuterium, Boltzmann equation, Saha equation}
}
@incollection{DODELSON2021135,
title = {6 - The inhomogeneous universe: gravity},
editor = {Scott Dodelson and Fabian Schmidt},
booktitle = {Modern Cosmology (Second Edition)},
publisher = {Academic Press},
edition = {Second Edition},
pages = {135-156},
year = {2021},
isbn = {978-0-12-815948-4},
doi = {https://doi.org/10.1016/B978-0-12-815948-4.00012-7},
url = {https://www.sciencedirect.com/science/article/pii/B9780128159484000127},
author = {Scott Dodelson and Fabian Schmidt},
keywords = {Einstein equations, scalar perturbations, vector perturbations, tensor perturbations, decomposition theorem, gravitational waves, Poisson equation}
}
@incollection{DODELSON2021401,
title = {14 - Analysis and inference},
editor = {Scott Dodelson and Fabian Schmidt},
booktitle = {Modern Cosmology (Second Edition)},
publisher = {Academic Press},
edition = {Second Edition},
pages = {401-431},
year = {2021},
isbn = {978-0-12-815948-4},
doi = {https://doi.org/10.1016/B978-0-12-815948-4.00020-6},
url = {https://www.sciencedirect.com/science/article/pii/B9780128159484000206},
author = {Scott Dodelson and Fabian Schmidt},
keywords = {inference, likelihood, posterior, Bayes theorem, estimators, mapmaking, power spectrum, covariance, Fisher matrix, sampling, Markov Chain Monte Carlo}
}
@incollection{DODELSON20211,
title = {1 - The concordance model of cosmology},
editor = {Scott Dodelson and Fabian Schmidt},
booktitle = {Modern Cosmology (Second Edition)},
publisher = {Academic Press},
edition = {Second Edition},
pages = {1-19},
year = {2021},
isbn = {978-0-12-815948-4},
doi = {https://doi.org/10.1016/B978-0-12-815948-4.00007-3},
url = {https://www.sciencedirect.com/science/article/pii/B9780128159484000073},
author = {Scott Dodelson and Fabian Schmidt},
keywords = {history of the universe, concordance cosmology, Hubble diagram, cosmic microwave background, Big Bang nucleosynthesis, power spectrum}
}
@incollection{DODELSON202157,
title = {3 - The fundamental equations of cosmology},
editor = {Scott Dodelson and Fabian Schmidt},
booktitle = {Modern Cosmology (Second Edition)},
publisher = {Academic Press},
edition = {Second Edition},
pages = {57-83},
year = {2021},
isbn = {978-0-12-815948-4},
doi = {https://doi.org/10.1016/B978-0-12-815948-4.00009-7},
url = {https://www.sciencedirect.com/science/article/pii/B9780128159484000097},
author = {Scott Dodelson and Fabian Schmidt},
keywords = {Einstein equations, Boltzmann equation, energy-momentum tensor, collision term, geodesic equation}
}
@incollection{DODELSON2021231,
title = {9 - The cosmic microwave background},
editor = {Scott Dodelson and Fabian Schmidt},
booktitle = {Modern Cosmology (Second Edition)},
publisher = {Academic Press},
edition = {Second Edition},
pages = {231-269},
year = {2021},
isbn = {978-0-12-815948-4},
doi = {https://doi.org/10.1016/B978-0-12-815948-4.00015-2},
url = {https://www.sciencedirect.com/science/article/pii/B9780128159484000152},
author = {Scott Dodelson and Fabian Schmidt},
keywords = {CMB anisotropies, angular power spectrum, acoustic oscillations, tight coupling, Sachs–Wolfe effect, integrated Sachs–Wolfe effect, cosmological parameters}
}
@incollection{DODELSON2021295,
title = {11 - Probes of structure: tracers},
editor = {Scott Dodelson and Fabian Schmidt},
booktitle = {Modern Cosmology (Second Edition)},
publisher = {Academic Press},
edition = {Second Edition},
pages = {295-323},
year = {2021},
isbn = {978-0-12-815948-4},
doi = {https://doi.org/10.1016/B978-0-12-815948-4.00017-6},
url = {https://www.sciencedirect.com/science/article/pii/B9780128159484000176},
author = {Scott Dodelson and Fabian Schmidt},
keywords = {galaxy clustering, large-scale structure, redshift-space distortions, baryon acoustic oscillations, Alcock–Paczyński distortion, angular clustering, Limber approximation, Sunyaev–Zel'dovich effect}
}
@incollection{2021467,
title = {C - Special functions},
editor = {Scott Dodelson and Fabian Schmidt},
booktitle = {Modern Cosmology (Second Edition)},
publisher = {Academic Press},
edition = {Second Edition},
pages = {467-471},
year = {2021},
isbn = {978-0-12-815948-4},
doi = {https://doi.org/10.1016/B978-0-12-815948-4.00023-1},
url = {https://www.sciencedirect.com/science/article/pii/B9780128159484000231}
}
@incollection{2021477,
title = {Bibliography},
editor = {Scott Dodelson and Fabian Schmidt},
booktitle = {Modern Cosmology (Second Edition)},
publisher = {Academic Press},
edition = {Second Edition},
pages = {477-481},
year = {2021},
isbn = {978-0-12-815948-4},
doi = {https://doi.org/10.1016/B978-0-12-815948-4.00025-5},
url = {https://www.sciencedirect.com/science/article/pii/B9780128159484000255}
}
@incollection{2021iv,
title = {Copyright},
editor = {Scott Dodelson and Fabian Schmidt},
booktitle = {Modern Cosmology (Second Edition)},
publisher = {Academic Press},
edition = {Second Edition},
pages = {iv},
year = {2021},
isbn = {978-0-12-815948-4},
doi = {https://doi.org/10.1016/B978-0-12-815948-4.00003-6},
url = {https://www.sciencedirect.com/science/article/pii/B9780128159484000036}
}
@incollection{DODELSON2021111,
title = {5 - The inhomogeneous universe: matter & radiation},
editor = {Scott Dodelson and Fabian Schmidt},
booktitle = {Modern Cosmology (Second Edition)},
publisher = {Academic Press},
edition = {Second Edition},
pages = {111-133},
year = {2021},
isbn = {978-0-12-815948-4},
doi = {https://doi.org/10.1016/B978-0-12-815948-4.00011-5},
url = {https://www.sciencedirect.com/science/article/pii/B9780128159484000115},
author = {Scott Dodelson and Fabian Schmidt},
keywords = {Boltzmann equation, Fourier space, moments, Compton scattering, Compton drag, continuity equation, Euler equation, linear evolution}
}

@ARTICLE{DES_Data_Overview,
       author = {{Hartley}, W.~G. and {Choi}, A. and {Amon}, A. and {Gruendl}, R.~A. and {Sheldon}, E. and {Harrison}, I. and {Bernstein}, G.~M. and {Sevilla-Noarbe}, I. and {Yanny}, B. and {Eckert}, K. and {Diehl}, H.~T. and {Alarcon}, A. and {Banerji}, M. and {Bechtol}, K. and {Buchs}, R. and {Cantu}, S. and {Conselice}, C. and {Cordero}, J. and {Davis}, C. and {Davis}, T.~M. and {Dodelson}, S. and {Drlica-Wagner}, A. and {Everett}, S. and {Fert{\'e}}, A. and {Gruen}, D. and {Honscheid}, K. and {Jarvis}, M. and {Johnson}, M.~D. and {Kokron}, N. and {MacCrann}, N. and {Myles}, J. and {Pace}, A.~B. and {Palmese}, A. and {Paz-Chinch{\'o}n}, F. and {Pereira}, M.~E.~S. and {Plazas}, A.~A. and {Prat}, J. and {Rodriguez-Monroy}, M. and {Rykoff}, E.~S. and {Samuroff}, S. and {S{\'a}nchez}, C. and {Secco}, L.~F. and {Tarsitano}, F. and {Tong}, A. and {Troxel}, M.~A. and {Vasquez}, Z. and {Wang}, K. and {Zhou}, C. and {Abbott}, T.~M.~C. and {Aguena}, M. and {Allam}, S. and {Annis}, J. and {Bacon}, D. and {Bertin}, E. and {Bhargava}, S. and {Brooks}, D. and {Burke}, D.~L. and {Carnero Rosell}, A. and {Carrasco Kind}, M. and {Carretero}, J. and {Castander}, F.~J. and {Costanzi}, M. and {Crocce}, M. and {da Costa}, L.~N. and {De Vicente}, J. and {DeRose}, J. and {Desai}, S. and {Dietrich}, J.~P. and {Eifler}, T.~F. and {Elvin-Poole}, J. and {Ferrero}, I. and {Flaugher}, B. and {Fosalba}, P. and {Garc{\'\i}a-Bellido}, J. and {Gaztanaga}, E. and {Gerdes}, D.~W. and {Gschwend}, J. and {Gutierrez}, G. and {Hinton}, S.~R. and {Hollowood}, D.~L. and {Huterer}, D. and {James}, D.~J. and {Kent}, S. and {Krause}, E. and {Kuehn}, K. and {Kuropatkin}, N. and {Lahav}, O. and {Lin}, H. and {Maia}, M.~A.~G. and {March}, M. and {Marshall}, J.~L. and {Martini}, P. and {Melchior}, P. and {Menanteau}, F. and {Miquel}, R. and {Mohr}, J.~J. and {Morgan}, R. and {Neilsen}, E. and {Ogando}, R.~L.~C. and {Pandey}, S. and {Romer}, A.~K. and {Roodman}, A. and {Sako}, M. and {Sanchez}, E. and {Scarpine}, V. and {Serrano}, S. and {Smith}, M. and {Soares-Santos}, M. and {Suchyta}, E. and {Swanson}, M.~E.~C. and {Tarle}, G. and {Thomas}, D. and {To}, C. and {Varga}, T.~N. and {Walker}, A.~R. and {Wester}, W. and {Wilkinson}, R.~D. and {Zuntz}, J. and {Zuntz}, J. and {DES Collaboration}},
        title = "{Dark Energy Survey Year 3 Results: Deep Field optical + near-infrared images and catalogue}",
      journal = {\mnras},
     keywords = {catalogues, surveys, galaxies: distances and redshifts, galaxies: evolution, galaxies: photometry, cosmology: observations, Astrophysics - Cosmology and Nongalactic Astrophysics, Astrophysics - Instrumentation and Methods for Astrophysics},
         year = 2022,
        month = jan,
       volume = {509},
       number = {3},
        pages = {3547-3579},
          doi = {10.1093/mnras/stab3055},
archivePrefix = {arXiv},
       eprint = {2012.12824},
 primaryClass = {astro-ph.CO},
       adsurl = {https://ui.adsabs.harvard.edu/abs/2022MNRAS.509.3547H},
      adsnote = {Provided by the SAO/NASA Astrophysics Data System}
}

@ARTICLE{Troster_2020,
       author = {{Tr{\"o}ster}, Tilman and {S{\'a}nchez}, Ariel. G. and {Asgari}, Marika and {Blake}, Chris and {Crocce}, Mart{\'\i}n and {Heymans}, Catherine and {Hildebrandt}, Hendrik and {Joachimi}, Benjamin and {Joudaki}, Shahab and {Kannawadi}, Arun and {Lin}, Chieh-An and {Wright}, Angus},
        title = "{Cosmology from large-scale structure. Constraining {\ensuremath{\Lambda}}CDM with BOSS}",
      journal = {\aap},
     keywords = {large-scale structure of Universe, cosmological parameters, Astrophysics - Cosmology and Nongalactic Astrophysics},
         year = 2020,
        month = jan,
       volume = {633},
          eid = {L10},
        pages = {L10},
          doi = {10.1051/0004-6361/201936772},
archivePrefix = {arXiv},
       eprint = {1909.11006},
 primaryClass = {astro-ph.CO},
       adsurl = {https://ui.adsabs.harvard.edu/abs/2020A&A...633L..10T},
      adsnote = {Provided by the SAO/NASA Astrophysics Data System}
}

@ARTICLE{KiDs_1000_3x2pt,
       author = {{Heymans}, Catherine and {Tr{\"o}ster}, Tilman and {Asgari}, Marika and {Blake}, Chris and {Hildebrandt}, Hendrik and {Joachimi}, Benjamin and {Kuijken}, Konrad and {Lin}, Chieh-An and {S{\'a}nchez}, Ariel G. and {van den Busch}, Jan Luca and {Wright}, Angus H. and {Amon}, Alexandra and {Bilicki}, Maciej and {de Jong}, Jelte and {Crocce}, Martin and {Dvornik}, Andrej and {Erben}, Thomas and {Fortuna}, Maria Cristina and {Getman}, Fedor and {Giblin}, Benjamin and {Glazebrook}, Karl and {Hoekstra}, Henk and {Joudaki}, Shahab and {Kannawadi}, Arun and {K{\"o}hlinger}, Fabian and {Lidman}, Chris and {Miller}, Lance and {Napolitano}, Nicola R. and {Parkinson}, David and {Schneider}, Peter and {Shan}, HuanYuan and {Valentijn}, Edwin A. and {Verdoes Kleijn}, Gijs and {Wolf}, Christian},
        title = "{KiDS-1000 Cosmology: Multi-probe weak gravitational lensing and spectroscopic galaxy clustering constraints}",
      journal = {\aap},
     keywords = {gravitational lensing: weak, methods: data analysis, methods: statistical, surveys, Astrophysics - Cosmology and Nongalactic Astrophysics},
         year = 2021,
        month = feb,
       volume = {646},
          eid = {A140},
        pages = {A140},
          doi = {10.1051/0004-6361/202039063},
archivePrefix = {arXiv},
       eprint = {2007.15632},
 primaryClass = {astro-ph.CO},
       adsurl = {https://ui.adsabs.harvard.edu/abs/2021A&A...646A.140H},
      adsnote = {Provided by the SAO/NASA Astrophysics Data System}
}

@ARTICLE{Prat_2021,
       author = {{Prat}, J. and {Blazek}, J. and {S{\'a}nchez}, C. and {Tutusaus}, I. and {Pandey}, S. and {Elvin-Poole}, J. and {Krause}, E. and {Troxel}, M.~A. and {Secco}, L.~F. and {Amon}, A. and {DeRose}, J. and {Zacharegkas}, G. and {Chang}, C. and {Jain}, B. and {MacCrann}, N. and {Park}, Y. and {Sheldon}, E. and {Giannini}, G. and {Bocquet}, S. and {To}, C. and {Alarcon}, A. and {Alves}, O. and {Andrade-Oliveira}, F. and {Baxter}, E. and {Bechtol}, K. and {Becker}, M.~R. and {Bernstein}, G.~M. and {Camacho}, H. and {Campos}, A. and {Carnero Rosell}, A. and {Carrasco Kind}, M. and {Cawthon}, R. and {Chen}, R. and {Choi}, A. and {Cordero}, J. and {Crocce}, M. and {Davis}, C. and {De Vicente}, J. and {Diehl}, H.~T. and {Dodelson}, S. and {Doux}, C. and {Drlica-Wagner}, A. and {Eckert}, K. and {Eifler}, T.~F. and {Elsner}, F. and {Everett}, S. and {Fang}, X. and {Farahi}, A. and {Fert{\'e}}, A. and {Fosalba}, P. and {Friedrich}, O. and {Gatti}, M. and {Gruen}, D. and {Gruendl}, R.~A. and {Harrison}, I. and {Hartley}, W.~G. and {Herner}, K. and {Huang}, H. and {Huff}, E.~M. and {Huterer}, D. and {Jarvis}, M. and {Kuropatkin}, N. and {Leget}, P. -F. and {Lemos}, P. and {Liddle}, A.~R. and {McCullough}, J. and {Muir}, J. and {Myles}, J. and {Navarro-Alsina}, A. and {Porredon}, A. and {Raveri}, M. and {Rodriguez-Monroy}, M. and {Rollins}, R.~P. and {Roodman}, A. and {Rosenfeld}, R. and {Ross}, A.~J. and {Rykoff}, E.~S. and {Sanchez}, J. and {Sevilla-Noarbe}, I. and {Shin}, T. and {Troja}, A. and {Varga}, T.~N. and {Weaverdyck}, N. and {Wechsler}, R.~H. and {Yanny}, B. and {Yin}, B. and {Zuntz}, J. and {Abbott}, T.~M.~C. and {Aguena}, M. and {Allam}, S. and {Annis}, J. and {Bacon}, D. and {Brooks}, D. and {Burke}, D.~L. and {Carretero}, J. and {Conselice}, C. and {Costanzi}, M. and {da Costa}, L.~N. and {Pereira}, M.~E.~S. and {Desai}, S. and {Dietrich}, J.~P. and {Doel}, P. and {Evrard}, A.~E. and {Ferrero}, I. and {Flaugher}, B. and {Frieman}, J. and {Garc{\'\i}a-Bellido}, J. and {Gaztanaga}, E. and {Gerdes}, D.~W. and {Giannantonio}, T. and {Gschwend}, J. and {Gutierrez}, G. and {Hinton}, S.~R. and {Hollowood}, D.~L. and {Honscheid}, K. and {James}, D.~J. and {Kuehn}, K. and {Lahav}, O. and {Lin}, H. and {Maia}, M.~A.~G. and {Marshall}, J.~L. and {Martini}, P. and {Melchior}, P. and {Menanteau}, F. and {Miller}, C.~J. and {Miquel}, R. and {Mohr}, J.~J. and {Morgan}, R. and {Ogando}, R.~L.~C. and {Palmese}, A. and {Paz-Chinch{\'o}n}, F. and {Petravick}, D. and {Plazas Malag{\'o}n}, A.~A. and {Sanchez}, E. and {Serrano}, S. and {Smith}, M. and {Soares-Santos}, M. and {Suchyta}, E. and {Tarle}, G. and {Thomas}, D. and {Weller}, J. and {DES Collaboration}},
        title = "{Dark energy survey year 3 results: High-precision measurement and modeling of galaxy-galaxy lensing}",
      journal = {\prd},
     keywords = {Astrophysics - Cosmology and Nongalactic Astrophysics},
         year = 2022,
        month = apr,
       volume = {105},
       number = {8},
          eid = {083528},
        pages = {083528},
          doi = {10.1103/PhysRevD.105.083528},
archivePrefix = {arXiv},
       eprint = {2105.13541},
 primaryClass = {astro-ph.CO},
       adsurl = {https://ui.adsabs.harvard.edu/abs/2022PhRvD.105h3528P},
      adsnote = {Provided by the SAO/NASA Astrophysics Data System}
}



@ARTICLE{DES_1_Abundances,
       author = {{Abbott}, T.~M.~C. and {Aguena}, M. and {Alarcon}, A. and {Allam}, S. and {Allen}, S. and {Annis}, J. and {Avila}, S. and {Bacon}, D. and {Bechtol}, K. and {Bermeo}, A. and {Bernstein}, G.~M. and {Bertin}, E. and {Bhargava}, S. and {Bocquet}, S. and {Brooks}, D. and {Brout}, D. and {Buckley-Geer}, E. and {Burke}, D.~L. and {Carnero Rosell}, A. and {Carrasco Kind}, M. and {Carretero}, J. and {Castander}, F.~J. and {Cawthon}, R. and {Chang}, C. and {Chen}, X. and {Choi}, A. and {Costanzi}, M. and {Crocce}, M. and {da Costa}, L.~N. and {Davis}, T.~M. and {De Vicente}, J. and {DeRose}, J. and {Desai}, S. and {Diehl}, H.~T. and {Dietrich}, J.~P. and {Dodelson}, S. and {Doel}, P. and {Drlica-Wagner}, A. and {Eckert}, K. and {Eifler}, T.~F. and {Elvin-Poole}, J. and {Estrada}, J. and {Everett}, S. and {Evrard}, A.~E. and {Farahi}, A. and {Ferrero}, I. and {Flaugher}, B. and {Fosalba}, P. and {Frieman}, J. and {Garc{\'\i}a-Bellido}, J. and {Gatti}, M. and {Gaztanaga}, E. and {Gerdes}, D.~W. and {Giannantonio}, T. and {Giles}, P. and {Grandis}, S. and {Gruen}, D. and {Gruendl}, R.~A. and {Gschwend}, J. and {Gutierrez}, G. and {Hartley}, W.~G. and {Hinton}, S.~R. and {Hollowood}, D.~L. and {Honscheid}, K. and {Hoyle}, B. and {Huterer}, D. and {James}, D.~J. and {Jarvis}, M. and {Jeltema}, T. and {Johnson}, M.~W.~G. and {Johnson}, M.~D. and {Kent}, S. and {Krause}, E. and {Kron}, R. and {Kuehn}, K. and {Kuropatkin}, N. and {Lahav}, O. and {Li}, T.~S. and {Lidman}, C. and {Lima}, M. and {Lin}, H. and {MacCrann}, N. and {Maia}, M.~A.~G. and {Mantz}, A. and {Marshall}, J.~L. and {Martini}, P. and {Mayers}, J. and {Melchior}, P. and {Mena-Fern{\'a}ndez}, J. and {Menanteau}, F. and {Miquel}, R. and {Mohr}, J.~J. and {Nichol}, R.~C. and {Nord}, B. and {Ogando}, R.~L.~C. and {Palmese}, A. and {Paz-Chinch{\'o}n}, F. and {Plazas}, A.~A. and {Prat}, J. and {Rau}, M.~M. and {Romer}, A.~K. and {Roodman}, A. and {Rooney}, P. and {Rozo}, E. and {Rykoff}, E.~S. and {Sako}, M. and {Samuroff}, S. and {S{\'a}nchez}, C. and {Sanchez}, E. and {Saro}, A. and {Scarpine}, V. and {Schubnell}, M. and {Scolnic}, D. and {Serrano}, S. and {Sevilla-Noarbe}, I. and {Sheldon}, E. and {Smith}, J. Allyn. and {Smith}, M. and {Suchyta}, E. and {Swanson}, M.~E.~C. and {Tarle}, G. and {Thomas}, D. and {To}, C. and {Troxel}, M.~A. and {Tucker}, D.~L. and {Varga}, T.~N. and {von der Linden}, A. and {Walker}, A.~R. and {Wechsler}, R.~H. and {Weller}, J. and {Wilkinson}, R.~D. and {Wu}, H. and {Yanny}, B. and {Zhang}, Y. and {Zhang}, Z. and {Zuntz}, J. and {DES Collaboration}},
        title = "{Dark Energy Survey Year 1 Results: Cosmological constraints from cluster abundances and weak lensing}",
      journal = {\prd},
     keywords = {Astrophysics - Cosmology and Nongalactic Astrophysics},
         year = 2020,
        month = jul,
       volume = {102},
       number = {2},
          eid = {023509},
        pages = {023509},
          doi = {10.1103/PhysRevD.102.023509},
archivePrefix = {arXiv},
       eprint = {2002.11124},
 primaryClass = {astro-ph.CO},
       adsurl = {https://ui.adsabs.harvard.edu/abs/2020PhRvD.102b3509A},
      adsnote = {Provided by the SAO/NASA Astrophysics Data System}
}
@ARTICLE{Lesci_2022,
       author = {{Lesci}, G.~F. and {Marulli}, F. and {Moscardini}, L. and {Sereno}, M. and {Veropalumbo}, A. and {Maturi}, M. and {Giocoli}, C. and {Radovich}, M. and {Bellagamba}, F. and {Roncarelli}, M. and {Bardelli}, S. and {Contarini}, S. and {Covone}, G. and {Ingoglia}, L. and {Nanni}, L. and {Puddu}, E.},
        title = "{AMICO galaxy clusters in KiDS-DR3: Cosmological constraints from counts and stacked weak lensing}",
      journal = {\aap},
     keywords = {cosmology: observations, cosmological parameters, large-scale structure of Universe},
         year = 2022,
        month = mar,
       volume = {659},
          eid = {A88},
        pages = {A88},
          doi = {10.1051/0004-6361/202040194},
       adsurl = {https://ui.adsabs.harvard.edu/abs/2022A&A...659A..88L},
      adsnote = {Provided by the SAO/NASA Astrophysics Data System}
}


@ARTICLE{Valentino_2021,
       author = {{Di Valentino}, Eleonora and {Anchordoqui}, Luis A. and {Akarsu}, {\"O}zg{\"u}r and {Ali-Haimoud}, Yacine and {Amendola}, Luca and {Arendse}, Nikki and {Asgari}, Marika and {Ballardini}, Mario and {Basilakos}, Spyros and {Battistelli}, Elia and {Benetti}, Micol and {Birrer}, Simon and {Bouchet}, Fran{\c{c}}ois R. and {Bruni}, Marco and {Calabrese}, Erminia and {Camarena}, David and {Capozziello}, Salvatore and {Chen}, Angela and {Chluba}, Jens and {Chudaykin}, Anton and {Colg{\'a}in}, Eoin {\'O}. and {Cyr-Racine}, Francis-Yan and {de Bernardis}, Paolo and {de Cruz P{\'e}rez}, Javier and {Delabrouille}, Jacques and {Dunkley}, Jo and {Escamilla-Rivera}, Celia and {Fert{\'e}}, Agn{\`e}s and {Finelli}, Fabio and {Freedman}, Wendy and {Frusciante}, Noemi and {Giusarma}, Elena and {G{\'o}mez-Valent}, Adri{\`a} and {Handley}, Will and {Harrison}, Ian and {Hart}, Luke and {Heavens}, Alan and {Hildebrandt}, Hendrik and {Holz}, Daniel and {Huterer}, Dragan and {Ivanov}, Mikhail M. and {Joudaki}, Shahab and {Kamionkowski}, Marc and {Karwal}, Tanvi and {Knox}, Lloyd and {Kumar}, Suresh and {Lamagna}, Luca and {Lesgourgues}, Julien and {Lucca}, Matteo and {Marra}, Valerio and {Masi}, Silvia and {Matarrese}, Sabino and {Mazumdar}, Arindam and {Melchiorri}, Alessandro and {Mena}, Olga and {Mersini-Houghton}, Laura and {Miranda}, Vivian and {Moreno-Pulido}, Cristian and {Mota}, David F. and {Muir}, Jessica and {Mukherjee}, Ankan and {Niedermann}, Florian and {Notari}, Alessio and {Nunes}, Rafael C. and {Pace}, Francesco and {Paliathanasis}, Andronikos and {Palmese}, Antonella and {Pan}, Supriya and {Paoletti}, Daniela and {Pettorino}, Valeria and {Piacentini}, Francesco and {Poulin}, Vivian and {Raveri}, Marco and {Riess}, Adam G. and {Salzano}, Vincenzo and {Saridakis}, Emmanuel N. and {Sen}, Anjan A. and {Shafieloo}, Arman and {Shajib}, Anowar J. and {Silk}, Joseph and {Silvestri}, Alessandra and {Sloth}, Martin S. and {Smith}, Tristan L. and {Sol{\`a} Peracaula}, Joan and {van de Bruck}, Carsten and {Verde}, Licia and {Visinelli}, Luca and {Wandelt}, Benjamin D. and {Wang}, Deng and {Wang}, Jian-Min and {Yadav}, Anil K. and {Yang}, Weiqiang},
        title = "{Cosmology Intertwined III: f{\ensuremath{\sigma}}$_{8}$ and S$_{8}$}",
      journal = {Astroparticle Physics},
     keywords = {cosmological tensions, cosmological parameters, Astrophysics - Cosmology and Nongalactic Astrophysics, High Energy Physics - Phenomenology},
         year = 2021,
        month = sep,
       volume = {131},
          eid = {102604},
        pages = {102604},
          doi = {10.1016/j.astropartphys.2021.102604},
archivePrefix = {arXiv},
       eprint = {2008.11285},
 primaryClass = {astro-ph.CO},
       adsurl = {https://ui.adsabs.harvard.edu/abs/2021APh...13102604D},
      adsnote = {Provided by the SAO/NASA Astrophysics Data System}
}
@ARTICLE{Sanchez_2020,
       author = {{S{\'a}nchez}, Ariel G.},
        title = "{Arguments against using h$^{-1}$ Mpc units in observational cosmology}",
      journal = {\prd},
     keywords = {Astrophysics - Cosmology and Nongalactic Astrophysics},
         year = 2020,
        month = dec,
       volume = {102},
       number = {12},
          eid = {123511},
        pages = {123511},
          doi = {10.1103/PhysRevD.102.123511},
archivePrefix = {arXiv},
       eprint = {2002.07829},
 primaryClass = {astro-ph.CO},
       adsurl = {https://ui.adsabs.harvard.edu/abs/2020PhRvD.102l3511S},
      adsnote = {Provided by the SAO/NASA Astrophysics Data System}
}


@ARTICLE{Amodei_2016,
       author = {{Amodei}, Dario and {Olah}, Chris and {Steinhardt}, Jacob and {Christiano}, Paul and {Schulman}, John and {Man{\'e}}, Dan},
        title = "{Concrete Problems in AI Safety}",
      journal = {arXiv e-prints},
     keywords = {Computer Science - Artificial Intelligence, Computer Science - Machine Learning},
         year = 2016,
        month = jun,
          eid = {arXiv:1606.06565},
        pages = {arXiv:1606.06565},
archivePrefix = {arXiv},
       eprint = {1606.06565},
 primaryClass = {cs.AI},
       adsurl = {https://ui.adsabs.harvard.edu/abs/2016arXiv160606565A},
      adsnote = {Provided by the SAO/NASA Astrophysics Data System}
}

@ARTICLE{Hirschmann_2014,
       author = {{Hirschmann}, Michaela and {Dolag}, Klaus and {Saro}, Alexandro and {Bachmann}, Lisa and {Borgani}, Stefano and {Burkert}, Andreas},
        title = "{Cosmological simulations of black hole growth: AGN luminosities and downsizing}",
      journal = {\mnras},
     keywords = {methods: numerical, galaxies: active, galaxies: evolution, quasars: general, quasars: supermassive black holes, galaxies: statistics, Astrophysics - Cosmology and Nongalactic Astrophysics},
         year = 2014,
        month = aug,
       volume = {442},
       number = {3},
        pages = {2304-2324},
          doi = {10.1093/mnras/stu1023},
archivePrefix = {arXiv},
       eprint = {1308.0333},
 primaryClass = {astro-ph.CO},
       adsurl = {https://ui.adsabs.harvard.edu/abs/2014MNRAS.442.2304H},
      adsnote = {Provided by the SAO/NASA Astrophysics Data System}
}

@ARTICLE{Komatsu_2011,
       author = {{Komatsu}, E. and {Smith}, K.~M. and {Dunkley}, J. and {Bennett}, C.~L. and {Gold}, B. and {Hinshaw}, G. and {Jarosik}, N. and {Larson}, D. and {Nolta}, M.~R. and {Page}, L. and {Spergel}, D.~N. and {Halpern}, M. and {Hill}, R.~S. and {Kogut}, A. and {Limon}, M. and {Meyer}, S.~S. and {Odegard}, N. and {Tucker}, G.~S. and {Weiland}, J.~L. and {Wollack}, E. and {Wright}, E.~L.},
        title = "{Seven-year Wilkinson Microwave Anisotropy Probe (WMAP) Observations: Cosmological Interpretation}",
      journal = {\apjs},
     keywords = {cosmic background radiation, cosmology: observations, dark matter, early universe, space vehicles, Astrophysics - Cosmology and Extragalactic Astrophysics},
         year = 2011,
        month = feb,
       volume = {192},
       number = {2},
          eid = {18},
        pages = {18},
          doi = {10.1088/0067-0049/192/2/18},
archivePrefix = {arXiv},
       eprint = {1001.4538},
 primaryClass = {astro-ph.CO},
       adsurl = {https://ui.adsabs.harvard.edu/abs/2011ApJS..192...18K},
      adsnote = {Provided by the SAO/NASA Astrophysics Data System}
}

@ARTICLE{Lecun_2015,
       author = {{Lecun}, Yann and {Bengio}, Yoshua and {Hinton}, Geoffrey},
        title = "{Deep learning}",
      journal = {\nat},
         year = 2015,
        month = may,
       volume = {521},
       number = {7553},
        pages = {436-444},
          doi = {10.1038/nature14539},
       adsurl = {https://ui.adsabs.harvard.edu/abs/2015Natur.521..436L},
      adsnote = {Provided by the SAO/NASA Astrophysics Data System}
}

@ARTICLE{Rasia_2015,
       author = {{Rasia}, E. and {Borgani}, S. and {Murante}, G. and {Planelles}, S. and {Beck}, A.~M. and {Biffi}, V. and {Ragone-Figueroa}, C. and {Granato}, G.~L. and {Steinborn}, L.~K. and {Dolag}, K.},
        title = "{Cool Core Clusters from Cosmological Simulations}",
      journal = {\apjl},
     keywords = {galaxies: clusters: general, galaxies: clusters: intracluster medium, methods: numerical, X-rays: galaxies: clusters, Astrophysics - Cosmology and Nongalactic Astrophysics},
         year = 2015,
        month = nov,
       volume = {813},
       number = {1},
          eid = {L17},
        pages = {L17},
          doi = {10.1088/2041-8205/813/1/L17},
archivePrefix = {arXiv},
       eprint = {1509.04247},
 primaryClass = {astro-ph.CO},
       adsurl = {https://ui.adsabs.harvard.edu/abs/2015ApJ...813L..17R},
      adsnote = {Provided by the SAO/NASA Astrophysics Data System}
}

@ARTICLE{Rodriguez_2018,
       author = {{Rodr{\'\i}guez}, Andres C. and {Kacprzak}, Tomasz and {Lucchi}, Aurelien and {Amara}, Adam and {Sgier}, Rapha{\"e}l and {Fluri}, Janis and {Hofmann}, Thomas and {R{\'e}fr{\'e}gier}, Alexandre},
        title = "{Fast cosmic web simulations with generative adversarial networks}",
      journal = {Computational Astrophysics and Cosmology},
     keywords = {Methods: numerical, Cosmology, Large-scale structure of Universe, Astrophysics - Cosmology and Nongalactic Astrophysics, Statistics - Machine Learning},
         year = 2018,
        month = nov,
       volume = {5},
       number = {1},
          eid = {4},
        pages = {4},
          doi = {10.1186/s40668-018-0026-4},
archivePrefix = {arXiv},
       eprint = {1801.09070},
 primaryClass = {astro-ph.CO},
       adsurl = {https://ui.adsabs.harvard.edu/abs/2018ComAC...5....4R},
      adsnote = {Provided by the SAO/NASA Astrophysics Data System}
}
@ARTICLE{Zingales_2018,
       author = {{Zingales}, Tiziano and {Waldmann}, Ingo P.},
        title = "{ExoGAN: Retrieving Exoplanetary Atmospheres Using Deep Convolutional Generative Adversarial Networks}",
      journal = {\aj},
     keywords = {methods: statistical, planets and satellites: atmospheres, radiative transfer, techniques: spectroscopic, Astrophysics - Instrumentation and Methods for Astrophysics, Astrophysics - Earth and Planetary Astrophysics},
         year = 2018,
        month = dec,
       volume = {156},
       number = {6},
          eid = {268},
        pages = {268},
          doi = {10.3847/1538-3881/aae77c},
archivePrefix = {arXiv},
       eprint = {1806.02906},
 primaryClass = {astro-ph.IM},
       adsurl = {https://ui.adsabs.harvard.edu/abs/2018AJ....156..268Z},
      adsnote = {Provided by the SAO/NASA Astrophysics Data System}
}


@ARTICLE{Flamary_2016,
       author = {{Flamary}, R{\'e}mi},
        title = "{Astronomical image reconstruction with convolutional neural networks}",
      journal = {arXiv e-prints},
     keywords = {Computer Science - Computer Vision and Pattern Recognition, Astrophysics - Instrumentation and Methods for Astrophysics, Statistics - Machine Learning},
         year = 2016,
        month = dec,
          eid = {arXiv:1612.04526},
        pages = {arXiv:1612.04526},
archivePrefix = {arXiv},
       eprint = {1612.04526},
 primaryClass = {cs.CV},
       adsurl = {https://ui.adsabs.harvard.edu/abs/2016arXiv161204526F},
      adsnote = {Provided by the SAO/NASA Astrophysics Data System}
}

@ARTICLE{Vojtekova_2021,
       author = {{Vojtekova}, Antonia and {Lieu}, Maggie and {Valtchanov}, Ivan and {Altieri}, Bruno and {Old}, Lyndsay and {Chen}, Qifeng and {Hroch}, Filip},
        title = "{Learning to denoise astronomical images with U-nets}",
      journal = {\mnras},
     keywords = {methods: data analysis, techniques: image processing, Astrophysics - Instrumentation and Methods for Astrophysics},
         year = 2021,
        month = may,
       volume = {503},
       number = {3},
        pages = {3204-3215},
          doi = {10.1093/mnras/staa3567},
archivePrefix = {arXiv},
       eprint = {2011.07002},
 primaryClass = {astro-ph.IM},
       adsurl = {https://ui.adsabs.harvard.edu/abs/2021MNRAS.503.3204V},
      adsnote = {Provided by the SAO/NASA Astrophysics Data System}
}

@ARTICLE{Biffi_2018,
       author = {{Biffi}, V. and {Dolag}, K. and {Merloni}, A.},
        title = "{AGN contamination of galaxy-cluster thermal X-ray emission: predictions for eRosita from cosmological simulations}",
      journal = {\mnras},
     keywords = {methods: numerical, galaxies: active, X-rays: galaxies: clusters, Astrophysics - Cosmology and Nongalactic Astrophysics, Astrophysics - Astrophysics of Galaxies},
         year = 2018,
        month = dec,
       volume = {481},
       number = {2},
        pages = {2213-2227},
          doi = {10.1093/mnras/sty2436},
archivePrefix = {arXiv},
       eprint = {1804.01096},
 primaryClass = {astro-ph.CO},
       adsurl = {https://ui.adsabs.harvard.edu/abs/2018MNRAS.481.2213B},
      adsnote = {Provided by the SAO/NASA Astrophysics Data System}
}

@ARTICLE{Rothschild_2022,
       author = {{Rothschild}, Tibor and {Nagai}, Daisuke and {Aung}, Han and {Green}, Sheridan B. and {Ntampaka}, Michelle and {ZuHone}, John},
        title = "{Emulating Sunyaev-Zeldovich images of galaxy clusters using autoencoders}",
      journal = {\mnras},
     keywords = {methods: statistical, galaxies: clusters: general, galaxies: clusters: intracluster medium, cosmology: theory, large-scale structure of Universe, Astrophysics - Cosmology and Nongalactic Astrophysics},
         year = 2022,
        month = jun,
       volume = {513},
       number = {1},
        pages = {333-344},
          doi = {10.1093/mnras/stac438},
archivePrefix = {arXiv},
       eprint = {2110.02232},
 primaryClass = {astro-ph.CO},
       adsurl = {https://ui.adsabs.harvard.edu/abs/2022MNRAS.513..333R},
      adsnote = {Provided by the SAO/NASA Astrophysics Data System}
}

@ARTICLE{Sweere_2022,
       author = {{Sweere}, Sam F. and {Valtchanov}, Ivan and {Lieu}, Maggie and {Vojtekova}, Antonia and {Verdugo}, Eva and {Santos-Lleo}, Maria and {Pacaud}, Florian and {Briassouli}, Alexia and {C{\'a}mpora P{\'e}rez}, Daniel},
        title = "{Deep learning-based super-resolution and de-noising for XMM-newton images}",
      journal = {\mnras},
     keywords = {techniques: high angular resolution, techniques: image processing, X-rays: general, Astrophysics - Instrumentation and Methods for Astrophysics, Astrophysics - High Energy Astrophysical Phenomena},
         year = 2022,
        month = dec,
       volume = {517},
       number = {3},
        pages = {4054-4069},
          doi = {10.1093/mnras/stac2437},
archivePrefix = {arXiv},
       eprint = {2205.01152},
 primaryClass = {astro-ph.IM},
       adsurl = {https://ui.adsabs.harvard.edu/abs/2022MNRAS.517.4054S},
      adsnote = {Provided by the SAO/NASA Astrophysics Data System}
}



@ARTICLE{Lau_2009,
       author = {{Lau}, Erwin T. and {Kravtsov}, Andrey V. and {Nagai}, Daisuke},
        title = "{Residual Gas Motions in the Intracluster Medium and Bias in Hydrostatic Measurements of Mass Profiles of Clusters}",
      journal = {\apj},
     keywords = {cosmology: theory, galaxies: formation, methods: numerical, Astrophysics - Cosmology and Extragalactic Astrophysics},
         year = 2009,
        month = nov,
       volume = {705},
       number = {2},
        pages = {1129-1138},
          doi = {10.1088/0004-637X/705/2/1129},
archivePrefix = {arXiv},
       eprint = {0903.4895},
 primaryClass = {astro-ph.CO},
       adsurl = {https://ui.adsabs.harvard.edu/abs/2009ApJ...705.1129L},
      adsnote = {Provided by the SAO/NASA Astrophysics Data System}
}

@ARTICLE{Lau_2013,
       author = {{Lau}, Erwin T. and {Nagai}, Daisuke and {Nelson}, Kaylea},
        title = "{Weighing Galaxy Clusters with Gas. I. On the Methods of Computing Hydrostatic Mass Bias}",
      journal = {\apj},
     keywords = {cosmology: theory, galaxies: clusters: general, methods: numerical, X-rays: galaxies: clusters, Astrophysics - Cosmology and Nongalactic Astrophysics},
         year = 2013,
        month = nov,
       volume = {777},
       number = {2},
          eid = {151},
        pages = {151},
          doi = {10.1088/0004-637X/777/2/151},
archivePrefix = {arXiv},
       eprint = {1306.3993},
 primaryClass = {astro-ph.CO},
       adsurl = {https://ui.adsabs.harvard.edu/abs/2013ApJ...777..151L},
      adsnote = {Provided by the SAO/NASA Astrophysics Data System}
}

@ARTICLE{Nelson_2014,
       author = {{Nelson}, Kaylea and {Lau}, Erwin T. and {Nagai}, Daisuke and {Rudd}, Douglas H. and {Yu}, Liang},
       title = "{Weighing Galaxy Clusters with Gas. II. On the Origin of Hydrostatic Mass Bias in {\ensuremath{\Lambda}}CDM Galaxy Clusters}",
      journal = {\apj},
     keywords = {cosmology: theory, galaxies: clusters: general, methods: numerical, X-rays: galaxies: clusters, Astrophysics - Cosmology and Extragalactic Astrophysics},
         year = 2014,
        month = feb,
       volume = {782},
       number = {2},
          eid = {107},
        pages = {107},
          doi = {10.1088/0004-637X/782/2/107},
archivePrefix = {arXiv},
       eprint = {1308.6589},
 primaryClass = {astro-ph.CO},
       adsurl = {https://ui.adsabs.harvard.edu/abs/2014ApJ...782..107N},
      adsnote = {Provided by the SAO/NASA Astrophysics Data System}
}

@ARTICLE{Shi_2015,
       author = {{Shi}, Xun and {Komatsu}, Eiichiro and {Nelson}, Kaylea and {Nagai}, Daisuke},
        title = "{Analytical model for non-thermal pressure in galaxy clusters - II. Comparison with cosmological hydrodynamics simulation}",
      journal = {\mnras},
     keywords = {methods: analytical, methods: numerical, galaxies: clusters: general, galaxies: clusters: intracluster medium, cosmology: observations, Astrophysics - Cosmology and Nongalactic Astrophysics, Astrophysics - Astrophysics of Galaxies},
         year = 2015,
        month = mar,
       volume = {448},
       number = {1},
        pages = {1020-1029},
          doi = {10.1093/mnras/stv036},
archivePrefix = {arXiv},
       eprint = {1408.3832},
 primaryClass = {astro-ph.CO},
       adsurl = {https://ui.adsabs.harvard.edu/abs/2015MNRAS.448.1020S},
      adsnote = {Provided by the SAO/NASA Astrophysics Data System}
}

@ARTICLE{Nagai_2007,
       author = {{Nagai}, Daisuke and {Vikhlinin}, Alexey and {Kravtsov}, Andrey V.},
        title = "{Testing X-Ray Measurements of Galaxy Clusters with Cosmological Simulations}",
      journal = {\apj},
     keywords = {Cosmology: Theory, Galaxies: Formation, Methods: Numerical, Astrophysics},
         year = 2007,
        month = jan,
       volume = {655},
       number = {1},
        pages = {98-108},
          doi = {10.1086/509868},
archivePrefix = {arXiv},
       eprint = {astro-ph/0609247},
 primaryClass = {astro-ph},
       adsurl = {https://ui.adsabs.harvard.edu/abs/2007ApJ...655...98N},
      adsnote = {Provided by the SAO/NASA Astrophysics Data System}
}

@ARTICLE{Shi_2016,
       author = {{Shi}, Xun and {Komatsu}, Eiichiro and {Nagai}, Daisuke and {Lau}, Erwin T.},
        title = "{Analytical model for non-thermal pressure in galaxy clusters - III. Removing the hydrostatic mass bias}",
      journal = {\mnras},
     keywords = {methods: analytical, methods: numerical, galaxies: clusters: general, galaxies: clusters: intracluster medium, cosmology: observations, Astrophysics - Cosmology and Nongalactic Astrophysics},
         year = 2016,
        month = jan,
       volume = {455},
       number = {3},
        pages = {2936-2944},
          doi = {10.1093/mnras/stv2504},
archivePrefix = {arXiv},
       eprint = {1507.04338},
 primaryClass = {astro-ph.CO},
       adsurl = {https://ui.adsabs.harvard.edu/abs/2016MNRAS.455.2936S},
      adsnote = {Provided by the SAO/NASA Astrophysics Data System}
}

@ARTICLE{Biffi_2016,
       author = {{Biffi}, V. and {Borgani}, S. and {Murante}, G. and {Rasia}, E. and {Planelles}, S. and {Granato}, G.~L. and {Ragone-Figueroa}, C. and {Beck}, A.~M. and {Gaspari}, M. and {Dolag}, K.},
        title = "{On the Nature of Hydrostatic Equilibrium in Galaxy Clusters}",
      journal = {\apj},
     keywords = {galaxies: clusters: general, galaxies: clusters: intracluster medium, methods: numerical, Astrophysics - Cosmology and Nongalactic Astrophysics},
         year = 2016,
        month = aug,
       volume = {827},
       number = {2},
          eid = {112},
        pages = {112},
          doi = {10.3847/0004-637X/827/2/112},
archivePrefix = {arXiv},
       eprint = {1606.02293},
 primaryClass = {astro-ph.CO},
       adsurl = {https://ui.adsabs.harvard.edu/abs/2016ApJ...827..112B},
      adsnote = {Provided by the SAO/NASA Astrophysics Data System}
}
@ARTICLE{Barnes_2021,
       author = {{Barnes}, David J. and {Vogelsberger}, Mark and {Pearce}, Francesca A. and {Pop}, Ana-Roxana and {Kannan}, Rahul and {Cao}, Kaili and {Kay}, Scott T. and {Hernquist}, Lars},
        title = "{Characterizing hydrostatic mass bias with MOCK-X}",
      journal = {\mnras},
     keywords = {methods: numerical, galaxies: clusters: general, galaxies: clusters: intracluster medium, X-rays: galaxies: clusters, Astrophysics - Cosmology and Nongalactic Astrophysics},
         year = 2021,
        month = sep,
       volume = {506},
       number = {2},
        pages = {2533-2550},
          doi = {10.1093/mnras/stab1276},
archivePrefix = {arXiv},
       eprint = {2001.11508},
 primaryClass = {astro-ph.CO},
       adsurl = {https://ui.adsabs.harvard.edu/abs/2021MNRAS.506.2533B},
      adsnote = {Provided by the SAO/NASA Astrophysics Data System}
}

@ARTICLE{Lau_2011,
       author = {{Lau}, Erwin T. and {Nagai}, Daisuke and {Kravtsov}, Andrey V. and {Zentner}, Andrew R.},
        title = "{Shapes of Gas, Gravitational Potential, and Dark Matter in {\ensuremath{\Lambda}}CDM Clusters}",
      journal = {\apj},
     keywords = {cosmology: theory, galaxies: clusters: general, methods: numerical, X-rays: galaxies: clusters, Astrophysics - Cosmology and Nongalactic Astrophysics},
         year = 2011,
        month = jun,
       volume = {734},
       number = {2},
          eid = {93},
        pages = {93},
          doi = {10.1088/0004-637X/734/2/93},
archivePrefix = {arXiv},
       eprint = {1003.2270},
 primaryClass = {astro-ph.CO},
       adsurl = {https://ui.adsabs.harvard.edu/abs/2011ApJ...734...93L},
      adsnote = {Provided by the SAO/NASA Astrophysics Data System}
}


@ARTICLE{Lau_2012,
       author = {{Lau}, Erwin T. and {Nagai}, Daisuke and {Kravtsov}, Andrey V. and {Vikhlinin}, Alexey and {Zentner}, Andrew R.},
        title = "{Constraining Cluster Physics with the Shape of X-Ray Clusters: Comparison of Local X-Ray Clusters Versus {\ensuremath{\Lambda}}CDM Clusters}",
      journal = {\apj},
     keywords = {galaxies: clusters: general, X-rays: galaxies: clusters, Astrophysics - Cosmology and Nongalactic Astrophysics},
         year = 2012,
        month = aug,
       volume = {755},
       number = {2},
          eid = {116},
        pages = {116},
          doi = {10.1088/0004-637X/755/2/116},
archivePrefix = {arXiv},
       eprint = {1201.2168},
 primaryClass = {astro-ph.CO},
       adsurl = {https://ui.adsabs.harvard.edu/abs/2012ApJ...755..116L},
      adsnote = {Provided by the SAO/NASA Astrophysics Data System}
}

@ARTICLE{Fernando_2021,
       author = {{Machado Poletti Valle}, Luis Fernando and {Avestruz}, Camille and {Barnes}, David J. and {Farahi}, Arya and {Lau}, Erwin T. and {Nagai}, Daisuke},
        title = "{SHAPing the gas: understanding gas shapes in dark matter haloes with interpretable machine learning}",
      journal = {\mnras},
     keywords = {methods: numerical, galaxies: clusters: general, galaxies: groups: general, dark matter, large-scale structure of Universe, cosmology: theory, Astrophysics - Cosmology and Nongalactic Astrophysics},
         year = 2021,
        month = oct,
       volume = {507},
       number = {1},
        pages = {1468-1484},
          doi = {10.1093/mnras/stab2252},
archivePrefix = {arXiv},
       eprint = {2011.12987},
 primaryClass = {astro-ph.CO},
       adsurl = {https://ui.adsabs.harvard.edu/abs/2021MNRAS.507.1468M},
      adsnote = {Provided by the SAO/NASA Astrophysics Data System}
}

@ARTICLE{Dominguez_2019,
       author = {{Dom{\'\i}nguez S{\'a}nchez}, H. and {Huertas-Company}, M. and {Bernardi}, M. and {Kaviraj}, S. and {Fischer}, J.~L. and {Abbott}, T.~M.~C. and {Abdalla}, F.~B. and {Annis}, J. and {Avila}, S. and {Brooks}, D. and {Buckley-Geer}, E. and {Carnero Rosell}, A. and {Carrasco Kind}, M. and {Carretero}, J. and {Cunha}, C.~E. and {D'Andrea}, C.~B. and {da Costa}, L.~N. and {Davis}, C. and {De Vicente}, J. and {Doel}, P. and {Evrard}, A.~E. and {Fosalba}, P. and {Frieman}, J. and {Garc{\'\i}a-Bellido}, J. and {Gaztanaga}, E. and {Gerdes}, D.~W. and {Gruen}, D. and {Gruendl}, R.~A. and {Gschwend}, J. and {Gutierrez}, G. and {Hartley}, W.~G. and {Hollowood}, D.~L. and {Honscheid}, K. and {Hoyle}, B. and {James}, D.~J. and {Kuehn}, K. and {Kuropatkin}, N. and {Lahav}, O. and {Maia}, M.~A.~G. and {March}, M. and {Melchior}, P. and {Menanteau}, F. and {Miquel}, R. and {Nord}, B. and {Plazas}, A.~A. and {Sanchez}, E. and {Scarpine}, V. and {Schindler}, R. and {Schubnell}, M. and {Smith}, M. and {Smith}, R.~C. and {Soares-Santos}, M. and {Sobreira}, F. and {Suchyta}, E. and {Swanson}, M.~E.~C. and {Tarle}, G. and {Thomas}, D. and {Walker}, A.~R. and {Zuntz}, J.},
        title = "{Transfer learning for galaxy morphology from one survey to another}",
      journal = {\mnras},
     keywords = {methods: observational, methods: photometric, surveys, galaxies: structure, Astrophysics - Astrophysics of Galaxies},
         year = 2019,
        month = mar,
       volume = {484},
       number = {1},
        pages = {93-100},
          doi = {10.1093/mnras/sty3497},
archivePrefix = {arXiv},
       eprint = {1807.00807},
 primaryClass = {astro-ph.GA},
       adsurl = {https://ui.adsabs.harvard.edu/abs/2019MNRAS.484...93D},
      adsnote = {Provided by the SAO/NASA Astrophysics Data System}
}

@ARTICLE{Perez_Carrasco_2019,
       author = {{P{\'e}rez-Carrasco}, M. and {Cabrera-Vives}, G. and {Martinez-Marin}, M. and {Cerulo}, P. and {Demarco}, R. and {Protopapas}, P. and {Godoy}, J. and {Huertas-Company}, M.},
        title = "{Multiband Galaxy Morphologies for CLASH: A Convolutional Neural Network Transferred from CANDELS}",
      journal = {\pasp},
     keywords = {Astrophysics - Instrumentation and Methods for Astrophysics},
         year = 2019,
        month = oct,
       volume = {131},
       number = {1004},
        pages = {108002},
          doi = {10.1088/1538-3873/aaeeb4},
archivePrefix = {arXiv},
       eprint = {1810.07857},
 primaryClass = {astro-ph.IM},
       adsurl = {https://ui.adsabs.harvard.edu/abs/2019PASP..131j8002P},
      adsnote = {Provided by the SAO/NASA Astrophysics Data System}
}

@ARTICLE{Ackermann_2018,
       author = {{Ackermann}, Sandro and {Schawinski}, Kevin and {Zhang}, Ce and {Weigel}, Anna K. and {Turp}, M. Dennis},
        title = "{Using transfer learning to detect galaxy mergers}",
      journal = {\mnras},
     keywords = {methods: data analysis, techniques: image processing, galaxies: general, Astrophysics - Instrumentation and Methods for Astrophysics, Computer Science - Machine Learning},
         year = 2018,
        month = sep,
       volume = {479},
       number = {1},
        pages = {415-425},
          doi = {10.1093/mnras/sty1398},
archivePrefix = {arXiv},
       eprint = {1805.10289},
 primaryClass = {astro-ph.IM},
       adsurl = {https://ui.adsabs.harvard.edu/abs/2018MNRAS.479..415A},
      adsnote = {Provided by the SAO/NASA Astrophysics Data System}
}

@ARTICLE{Mantz_2015,
       author = {{Mantz}, Adam B. and {Allen}, Steven W. and {Morris}, R. Glenn and {Schmidt}, Robert W. and {von der Linden}, Anja and {Urban}, Ondrej},
        title = "{Cosmology and astrophysics from relaxed galaxy clusters - I. Sample selection}",
      journal = {\mnras},
     keywords = {galaxies: clusters: general, X-rays: galaxies: clusters, Astrophysics - Cosmology and Nongalactic Astrophysics},
         year = 2015,
        month = may,
       volume = {449},
       number = {1},
        pages = {199-219},
          doi = {10.1093/mnras/stv219},
archivePrefix = {arXiv},
       eprint = {1502.06020},
 primaryClass = {astro-ph.CO},
       adsurl = {https://ui.adsabs.harvard.edu/abs/2015MNRAS.449..199M},
      adsnote = {Provided by the SAO/NASA Astrophysics Data System}
}

@INPROCEEDINGS{Chandra_dr2_B,
       author = {{Evans}, I.~N. and {Primini}, F.~A. and {Miller}, J.~B. and {Evans}, J.~D. and {Allen}, C.~E. and {Anderson}, C.~S. and {Becker}, G. and {Budynkiewicz}, J.~A. and {Burke}, D. and {Chen}, J.~C. and {Civano}, F. and {D'Abrusco}, R. and {Doe}, S.~M. and {Fabbiano}, G. and {Martinez Galarza}, J. and {Gibbs}, D.~G., II and {Glotfelty}, K.~J. and {Graessle}, D.~E. and {Grier}, J.~D., Jr. and {Hain}, R.~M. and {Hall}, D.~M. and {Harbo}, P.~N. and {Houck}, J.~C. and {Lauer}, J.~L. and {Laurino}, O. and {Lee}, N.~P. and {McCollough}, M.~L. and {McDowell}, J.~C. and {McLaughlin}, W. and {Morgan}, D.~L. and {Mossman}, A.~E. and {Nguyen}, D.~T. and {Nichols}, J.~S. and {Nowak}, M.~A. and {Paxson}, C. and {Perdikeas}, M. and {Plummer}, D.~A. and {Rots}, A.~H. and {Siemiginowska}, A.~L. and {Sundheim}, B.~A. and {Thong}, S. and {Tibbetts}, M.~S. and {Van Stone}, D.~W. and {Winkelman}, S.~L. and {Zografou}, P.},
        title = "{The Chandra Source Catalog {\textemdash} A Billion X-ray Photons}",
    booktitle = {American Astronomical Society Meeting Abstracts \#235},
         year = 2020,
       series = {American Astronomical Society Meeting Abstracts},
       volume = {235},
        month = jan,
          eid = {154.05},
        pages = {154.05},
       adsurl = {https://ui.adsabs.harvard.edu/abs/2020AAS...23515405E},
      adsnote = {Provided by the SAO/NASA Astrophysics Data System}
}

@INPROCEEDINGS{Chandra_dr2_A,
       author = {{Evans}, Ian N. and {Allen}, Christopher and {Anderson}, Craig S. and {Budynkiewicz}, Jamie A. and {Burke}, Douglas and {Chen}, Judy and {Civano}, Francesca and {D'Abrusco}, Raffaele and {Doe}, Stephen M. and {Evans}, Janet D. and {Fabbiano}, Giuseppina and {Gibbs}, Danny G. and {Glotfelty}, Kenny J. and {Graessle}, Dale E. and {Grier}, John D. and {Hain}, Roger and {Hall}, Diane M. and {Harbo}, Peter N. and {Houck}, John C. and {Lauer}, Jennifer and {Laurino}, Omar and {Lee}, Nicholas P. and {Martinez-Galarza}, Rafael and {McCollough}, Michael L. and {McDowell}, Jonathan C. and {Miller}, Joseph and {McLaughlin}, Warren and {Morgan}, Douglas L. and {Mossman}, Amy E. and {Nguyen}, Dan T. and {Nichols}, Joy S. and {Nowak}, Michael and {Paxson}, Charles and {Plummer}, David A. and {Primini}, Francis A. and {Rots}, Arnold H. and {Siemiginowska}, Aneta and {Sundheim}, Beth A. and {Tibbetts}, Michael S. and {Van Stone}, David W. and {Zografou}, Panagoula},
        title = "{Chandra Source Catalog Release 2.0 - The State of the Art Serendipitous X-ray Source Catalog}",
    booktitle = {AAS/High Energy Astrophysics Division},
         year = 2019,
       series = {AAS/High Energy Astrophysics Division},
       volume = {17},
        month = mar,
          eid = {114.01},
        pages = {114.01},
       adsurl = {https://ui.adsabs.harvard.edu/abs/2019HEAD...1711401E},
      adsnote = {Provided by the SAO/NASA Astrophysics Data System}
}

@ARTICLE{Richardson_1972,
       author = {{Richardson}, William Hadley},
        title = "{Bayesian-Based Iterative Method of Image Restoration}",
      journal = {Journal of the Optical Society of America (1917-1983)},
         year = 1972,
        month = jan,
       volume = {62},
       number = {1},
        pages = {55},
       adsurl = {https://ui.adsabs.harvard.edu/abs/1972JOSA...62...55R},
      adsnote = {Provided by the SAO/NASA Astrophysics Data System}
}
@ARTICLE{Lucy_1974,
       author = {{Lucy}, L.~B.},
        title = "{An iterative technique for the rectification of observed distributions}",
      journal = {\aj},
         year = 1974,
        month = jun,
       volume = {79},
        pages = {745},
          doi = {10.1086/111605},
       adsurl = {https://ui.adsabs.harvard.edu/abs/1974AJ.....79..745L},
      adsnote = {Provided by the SAO/NASA Astrophysics Data System}
}


@ARTICLE{Cornwell_1985,
       author = {{Cornwell}, T.~J. and {Evans}, K.~F.},
        title = "{A simple maximum entropy deconvolution algorithm}",
      journal = {\aap},
     keywords = {Algorithms, Convolution Integrals, Image Processing, Maximum Entropy Method, Newton-Raphson Method, Radio Astronomy, Entropy (Statistics), Fourier Transformation, Image Reconstruction, Lagrange Multipliers, Nonlinearity, Radio Interferometers, Very Long Base Interferometry, Astronomy},
         year = 1985,
        month = feb,
       volume = {143},
       number = {1},
        pages = {77-83},
       adsurl = {https://ui.adsabs.harvard.edu/abs/1985A&A...143...77C},
      adsnote = {Provided by the SAO/NASA Astrophysics Data System}
}

@ARTICLE{Mantz_2022,
       author = {{Mantz}, Adam B. and {Morris}, R. Glenn and {Allen}, Steven W. and {Canning}, Rebecca E.~A. and {Baumont}, Lucie and {Benson}, Bradford and {Bleem}, Lindsey E. and {Ehlert}, Steven R. and {Floyd}, Benjamin and {Herbonnet}, Ricardo and {Kelly}, Patrick L. and {Liang}, Shuang and {von der Linden}, Anja and {McDonald}, Michael and {Rapetti}, David A. and {Schmidt}, Robert W. and {Werner}, Norbert and {Wright}, Adam},
        title = "{Cosmological constraints from gas mass fractions of massive, relaxed galaxy clusters}",
      journal = {\mnras},
     keywords = {cosmological parameters, cosmology: observations, dark matter, distance scale, galaxies: clusters: general, X-rays: galaxies: clusters, Astrophysics - Cosmology and Nongalactic Astrophysics},
         year = 2022,
        month = feb,
       volume = {510},
       number = {1},
        pages = {131-145},
          doi = {10.1093/mnras/stab3390},
archivePrefix = {arXiv},
       eprint = {2111.09343},
 primaryClass = {astro-ph.CO},
       adsurl = {https://ui.adsabs.harvard.edu/abs/2022MNRAS.510..131M},
      adsnote = {Provided by the SAO/NASA Astrophysics Data System}
}

@ARTICLE{Clowe_2006,
       author = {{Clowe}, Douglas and {Brada{\v{c}}}, Maru{\v{s}}a and {Gonzalez}, Anthony H. and {Markevitch}, Maxim and {Randall}, Scott W. and {Jones}, Christine and {Zaritsky}, Dennis},
        title = "{A Direct Empirical Proof of the Existence of Dark Matter}",
      journal = {\apjl},
     keywords = {Cosmology: Dark Matter, galaxies: clusters: individual (1E 0657-558), Cosmology: Gravitational Lensing, Astrophysics},
         year = 2006,
        month = sep,
       volume = {648},
       number = {2},
        pages = {L109-L113},
          doi = {10.1086/508162},
archivePrefix = {arXiv},
       eprint = {astro-ph/0608407},
 primaryClass = {astro-ph},
       adsurl = {https://ui.adsabs.harvard.edu/abs/2006ApJ...648L.109C},
      adsnote = {Provided by the SAO/NASA Astrophysics Data System}
}

@ARTICLE{Eckert_2022,
       author = {{Eckert}, D. and {Ettori}, S. and {Robertson}, A. and {Massey}, R. and {Pointecouteau}, E. and {Harvey}, D. and {McCarthy}, I.~G.},
        title = "{Constraints on dark matter self-interaction from the internal density profiles of X-COP galaxy clusters}",
      journal = {\aap},
     keywords = {dark matter, X-rays: galaxies: clusters, galaxies: clusters: general, galaxies: clusters: intracluster medium, Astrophysics - Cosmology and Nongalactic Astrophysics, Astrophysics - Astrophysics of Galaxies, Astrophysics - High Energy Astrophysical Phenomena},
         year = 2022,
        month = oct,
       volume = {666},
          eid = {A41},
        pages = {A41},
          doi = {10.1051/0004-6361/202243205},
archivePrefix = {arXiv},
       eprint = {2205.01123},
 primaryClass = {astro-ph.CO},
       adsurl = {https://ui.adsabs.harvard.edu/abs/2022A&A...666A..41E},
      adsnote = {Provided by the SAO/NASA Astrophysics Data System}
}



@book{Python3,
 author = {Van Rossum, Guido and Drake, Fred L.},
 title = {Python 3 Reference Manual},
 year = {2009},
 isbn = {1441412697},
 publisher = {CreateSpace},
 address = {Scotts Valley, CA}
}
@ARTICLE{tensorflow2015-whitepaper,
       author = {{Abadi}, Mart{\'\i}n and {Agarwal}, Ashish and {Barham}, Paul and {Brevdo}, Eugene and {Chen}, Zhifeng and {Citro}, Craig and {Corrado}, Greg S. and {Davis}, Andy and {Dean}, Jeffrey and {Devin}, Matthieu and {Ghemawat}, Sanjay and {Goodfellow}, Ian and {Harp}, Andrew and {Irving}, Geoffrey and {Isard}, Michael and {Jia}, Yangqing and {Jozefowicz}, Rafal and {Kaiser}, Lukasz and {Kudlur}, Manjunath and {Levenberg}, Josh and {Mane}, Dan and {Monga}, Rajat and {Moore}, Sherry and {Murray}, Derek and {Olah}, Chris and {Schuster}, Mike and {Shlens}, Jonathon and {Steiner}, Benoit and {Sutskever}, Ilya and {Talwar}, Kunal and {Tucker}, Paul and {Vanhoucke}, Vincent and {Vasudevan}, Vijay and {Viegas}, Fernanda and {Vinyals}, Oriol and {Warden}, Pete and {Wattenberg}, Martin and {Wicke}, Martin and {Yu}, Yuan and {Zheng}, Xiaoqiang},
        title = "{TensorFlow: Large-Scale Machine Learning on Heterogeneous Distributed Systems}",
      journal = {arXiv e-prints},
     keywords = {Computer Science - Distributed, Parallel, and Cluster Computing, Computer Science - Machine Learning},
         year = 2016,
        month = mar,
          eid = {arXiv:1603.04467},
        pages = {arXiv:1603.04467},
archivePrefix = {arXiv},
       eprint = {1603.04467},
 primaryClass = {cs.DC},
       adsurl = {https://ui.adsabs.harvard.edu/abs/2016arXiv160304467A},
      adsnote = {Provided by the SAO/NASA Astrophysics Data System}
}

@Article{matplotlib,
  Author    = {Hunter, J. D.},
  Title     = {Matplotlib: A 2D graphics environment},
  Journal   = {Computing in Science \& Engineering},
  Volume    = {9},
  Number    = {3},
  Pages     = {90--95},
  abstract  = {Matplotlib is a 2D graphics package used for Python for
  application development, interactive scripting, and publication-quality
  image generation across user interfaces and operating systems.},
  publisher = {IEEE COMPUTER SOC},
  doi       = {10.1109/MCSE.2007.55},
  year      = 2007
}

@article{astropy:2013,
Adsnote = {Provided by the SAO/NASA Astrophysics Data System},
Adsurl = {http://adsabs.harvard.edu/abs/2013A%26A...558A..33A},
Archiveprefix = {arXiv},
Author = {{Astropy Collaboration} and {Robitaille}, T.~P. and {Tollerud}, E.~J. and {Greenfield}, P. and {Droettboom}, M. and {Bray}, E. and {Aldcroft}, T. and {Davis}, M. and {Ginsburg}, A. and {Price-Whelan}, A.~M. and {Kerzendorf}, W.~E. and {Conley}, A. and {Crighton}, N. and {Barbary}, K. and {Muna}, D. and {Ferguson}, H. and {Grollier}, F. and {Parikh}, M.~M. and {Nair}, P.~H. and {Unther}, H.~M. and {Deil}, C. and {Woillez}, J. and {Conseil}, S. and {Kramer}, R. and {Turner}, J.~E.~H. and {Singer}, L. and {Fox}, R. and {Weaver}, B.~A. and {Zabalza}, V. and {Edwards}, Z.~I. and {Azalee Bostroem}, K. and {Burke}, D.~J. and {Casey}, A.~R. and {Crawford}, S.~M. and {Dencheva}, N. and {Ely}, J. and {Jenness}, T. and {Labrie}, K. and {Lim}, P.~L. and {Pierfederici}, F. and {Pontzen}, A. and {Ptak}, A. and {Refsdal}, B. and {Servillat}, M. and {Streicher}, O.},
Doi = {10.1051/0004-6361/201322068},
Eid = {A33},
Eprint = {1307.6212},
Journal = {\aap},
Keywords = {methods: data analysis, methods: miscellaneous, virtual observatory tools},
Month = oct,
Pages = {A33},
Primaryclass = {astro-ph.IM},
Title = {{Astropy: A community Python package for astronomy}},
Volume = 558,
Year = 2013,
Bdsk-Url-1 = {https://dx.doi.org/10.1051/0004-6361/201322068}}

@ARTICLE{astropy:2018,
       author = {{Astropy Collaboration} and {Price-Whelan}, A.~M. and
         {Sip{\H{o}}cz}, B.~M. and {G{\"u}nther}, H.~M. and {Lim}, P.~L. and
         {Crawford}, S.~M. and {Conseil}, S. and {Shupe}, D.~L. and
         {Craig}, M.~W. and {Dencheva}, N. and {Ginsburg}, A. and {Vand
        erPlas}, J.~T. and {Bradley}, L.~D. and {P{\'e}rez-Su{\'a}rez}, D. and
         {de Val-Borro}, M. and {Aldcroft}, T.~L. and {Cruz}, K.~L. and
         {Robitaille}, T.~P. and {Tollerud}, E.~J. and {Ardelean}, C. and
         {Babej}, T. and {Bach}, Y.~P. and {Bachetti}, M. and {Bakanov}, A.~V. and
         {Bamford}, S.~P. and {Barentsen}, G. and {Barmby}, P. and
         {Baumbach}, A. and {Berry}, K.~L. and {Biscani}, F. and {Boquien}, M. and
         {Bostroem}, K.~A. and {Bouma}, L.~G. and {Brammer}, G.~B. and
         {Bray}, E.~M. and {Breytenbach}, H. and {Buddelmeijer}, H. and
         {Burke}, D.~J. and {Calderone}, G. and {Cano Rodr{\'\i}guez}, J.~L. and
         {Cara}, M. and {Cardoso}, J.~V.~M. and {Cheedella}, S. and {Copin}, Y. and
         {Corrales}, L. and {Crichton}, D. and {D'Avella}, D. and {Deil}, C. and
         {Depagne}, {\'E}. and {Dietrich}, J.~P. and {Donath}, A. and
         {Droettboom}, M. and {Earl}, N. and {Erben}, T. and {Fabbro}, S. and
         {Ferreira}, L.~A. and {Finethy}, T. and {Fox}, R.~T. and
         {Garrison}, L.~H. and {Gibbons}, S.~L.~J. and {Goldstein}, D.~A. and
         {Gommers}, R. and {Greco}, J.~P. and {Greenfield}, P. and
         {Groener}, A.~M. and {Grollier}, F. and {Hagen}, A. and {Hirst}, P. and
         {Homeier}, D. and {Horton}, A.~J. and {Hosseinzadeh}, G. and {Hu}, L. and
         {Hunkeler}, J.~S. and {Ivezi{\'c}}, {\v{Z}}. and {Jain}, A. and
         {Jenness}, T. and {Kanarek}, G. and {Kendrew}, S. and {Kern}, N.~S. and
         {Kerzendorf}, W.~E. and {Khvalko}, A. and {King}, J. and {Kirkby}, D. and
         {Kulkarni}, A.~M. and {Kumar}, A. and {Lee}, A. and {Lenz}, D. and
         {Littlefair}, S.~P. and {Ma}, Z. and {Macleod}, D.~M. and
         {Mastropietro}, M. and {McCully}, C. and {Montagnac}, S. and
         {Morris}, B.~M. and {Mueller}, M. and {Mumford}, S.~J. and {Muna}, D. and
         {Murphy}, N.~A. and {Nelson}, S. and {Nguyen}, G.~H. and
         {Ninan}, J.~P. and {N{\"o}the}, M. and {Ogaz}, S. and {Oh}, S. and
         {Parejko}, J.~K. and {Parley}, N. and {Pascual}, S. and {Patil}, R. and
         {Patil}, A.~A. and {Plunkett}, A.~L. and {Prochaska}, J.~X. and
         {Rastogi}, T. and {Reddy Janga}, V. and {Sabater}, J. and
         {Sakurikar}, P. and {Seifert}, M. and {Sherbert}, L.~E. and
         {Sherwood-Taylor}, H. and {Shih}, A.~Y. and {Sick}, J. and
         {Silbiger}, M.~T. and {Singanamalla}, S. and {Singer}, L.~P. and
         {Sladen}, P.~H. and {Sooley}, K.~A. and {Sornarajah}, S. and
         {Streicher}, O. and {Teuben}, P. and {Thomas}, S.~W. and
         {Tremblay}, G.~R. and {Turner}, J.~E.~H. and {Terr{\'o}n}, V. and
         {van Kerkwijk}, M.~H. and {de la Vega}, A. and {Watkins}, L.~L. and
         {Weaver}, B.~A. and {Whitmore}, J.~B. and {Woillez}, J. and
         {Zabalza}, V. and {Astropy Contributors}},
        title = "{The Astropy Project: Building an Open-science Project and Status of the v2.0 Core Package}",
      journal = {\aj},
     keywords = {methods: data analysis, methods: miscellaneous, methods: statistical, reference systems, Astrophysics - Instrumentation and Methods for Astrophysics},
         year = 2018,
        month = sep,
       volume = {156},
       number = {3},
          eid = {123},
        pages = {123},
          doi = {10.3847/1538-3881/aabc4f},
archivePrefix = {arXiv},
       eprint = {1801.02634},
 primaryClass = {astro-ph.IM},
       adsurl = {https://ui.adsabs.harvard.edu/abs/2018AJ....156..123A},
      adsnote = {Provided by the SAO/NASA Astrophysics Data System}
}
%%NEW CITATIONS 9-30-22
@ARTICLE{Parekh_2015,
       author = {{Parekh}, Viral and {van der Heyden}, Kurt and {Ferrari}, Chiara and {Angus}, Garry and {Holwerda}, Benne},
        title = "{Morphology parameters: substructure identification in X-ray galaxy clusters}",
      journal = {\aap},
     keywords = {galaxies: clusters: intracluster medium, X-rays: galaxies: clusters, Astrophysics - Cosmology and Nongalactic Astrophysics},
         year = 2015,
        month = mar,
       volume = {575},
          eid = {A127},
        pages = {A127},
          doi = {10.1051/0004-6361/201424123},
archivePrefix = {arXiv},
       eprint = {1411.6525},
 primaryClass = {astro-ph.CO},
       adsurl = {https://ui.adsabs.harvard.edu/abs/2015A&A...575A.127P},
      adsnote = {Provided by the SAO/NASA Astrophysics Data System}
}

@ARTICLE{Lovisari_2017,
       author = {{Lovisari}, Lorenzo and {Forman}, William R. and {Jones}, Christine and {Ettori}, Stefano and {Andrade-Santos}, Felipe and {Arnaud}, Monique and {D{\'e}mocl{\`e}s}, Jessica and {Pratt}, Gabriel W. and {Randall}, Scott and {Kraft}, Ralph},
        title = "{X-Ray Morphological Analysis of the Planck ESZ Clusters}",
      journal = {\apj},
     keywords = {galaxies: clusters: intracluster medium, X-rays: galaxies: clusters, Astrophysics - Cosmology and Nongalactic Astrophysics},
         year = 2017,
        month = sep,
       volume = {846},
       number = {1},
          eid = {51},
        pages = {51},
          doi = {10.3847/1538-4357/aa855f},
archivePrefix = {arXiv},
       eprint = {1708.02590},
 primaryClass = {astro-ph.CO},
       adsurl = {https://ui.adsabs.harvard.edu/abs/2017ApJ...846...51L},
      adsnote = {Provided by the SAO/NASA Astrophysics Data System}
}

@ARTICLE{Ghirardini_2022,
       author = {{Ghirardini}, Vittorio and {Bahar}, Y. Emre and {Bulbul}, Esra and {Liu}, Ang and {Clerc}, Nicolas and {Pacaud}, Florian and {Comparat}, Johan and {Liu}, Teng and {Ramos-Ceja}, Miriam E. and {Hoang}, Duy and {Ider-Chitham}, Jacob and {Klein}, Matthias and {Merloni}, Andrea and {Nandra}, Kirpal and {Ota}, Naomi and {Predehl}, Peter and {Reiprich}, Thomas H. and {Sanders}, Jeremy and {Schrabback}, Tim},
        title = "{The eROSITA Final Equatorial-Depth Survey (eFEDS). Characterization of morphological properties of galaxy groups and clusters}",
      journal = {\aap},
     keywords = {galaxies: clusters: intracluster medium, galaxies: clusters: general, X-rays: galaxies: clusters, Astrophysics - Cosmology and Nongalactic Astrophysics},
         year = 2022,
        month = may,
       volume = {661},
          eid = {A12},
        pages = {A12},
          doi = {10.1051/0004-6361/202141639},
archivePrefix = {arXiv},
       eprint = {2106.15086},
 primaryClass = {astro-ph.CO},
       adsurl = {https://ui.adsabs.harvard.edu/abs/2022A&A...661A..12G},
      adsnote = {Provided by the SAO/NASA Astrophysics Data System}
}

@ARTICLE{Lau_2021,
       author = {{Lau}, Erwin T. and {Hearin}, Andrew P. and {Nagai}, Daisuke and {Cappelluti}, Nico},
        title = "{Correlations between triaxial shapes and formation history of dark matter haloes}",
      journal = {\mnras},
     keywords = {methods: numerical, galaxies: clusters: general, galaxies: groups: general, dark matter, large-scale structure of Universe, cosmology: theory, Astrophysics - Cosmology and Nongalactic Astrophysics},
         year = 2021,
        month = jan,
       volume = {500},
       number = {1},
        pages = {1029-1037},
          doi = {10.1093/mnras/staa3313},
archivePrefix = {arXiv},
       eprint = {2006.09420},
 primaryClass = {astro-ph.CO},
       adsurl = {https://ui.adsabs.harvard.edu/abs/2021MNRAS.500.1029L},
      adsnote = {Provided by the SAO/NASA Astrophysics Data System}
}

@book{baddeley2015spatial,
  title={Spatial point patterns: methodology and applications with R},
  author={Baddeley, Adrian and Rubak, Ege and Turner, Rolf},
  year={2015},
  publisher={CRC press}
}

@article{RAJALA2018141,
title = {A review on anisotropy analysis of spatial point patterns},
journal = {Spatial Statistics},
volume = {28},
pages = {141-168},
year = {2018},
issn = {2211-6753},
doi = {https://doi.org/10.1016/j.spasta.2018.04.005},
url = {https://www.sciencedirect.com/science/article/pii/S2211675317302403},
author = {T. Rajala and C. Redenbach and A. Särkkä and M. Sormani},
keywords = {Fry plot, Second-order characteristics, Spatial summary statistics, Spectral analysis, Wavelets},
abstract = {A spatial point pattern is called anisotropic if its spatial structure depends on direction. Several methods for anisotropy analysis have been introduced in the literature. In this paper, we give an overview of nonparametric methods for anisotropy analysis of (stationary) point patterns in R2 andR3. We discuss methods based on nearest neighbour and second order summary statistics as well as spectral and wavelet analysis. All techniques are illustrated on both a clustered and a regular example. Finally, we discuss methods for testing for isotropy as well as for estimating preferred directions in a point pattern.}
}
@book{feigelson2012modern,
  title={Modern statistical methods for astronomy: with R applications},
  author={Feigelson, Eric D and Babu, G Jogesh},
  year={2012},
  publisher={Cambridge University Press}
}

@book{pewsey2013circular,
  title={Circular statistics in R},
  author={Pewsey, Arthur and Neuh{\"a}user, Markus and Ruxton, Graeme D},
  year={2013},
  publisher={Oxford University Press}
}

@book{mardia2000directional,
  title={Directional statistics},
  author={Mardia, Kanti V and Jupp, Peter E},
  volume={2},
  year={1999},
  publisher={Wiley Online Library}
}